3000 5075
278 491 1043 580 HrsromaEnvarn1··Pn1nr.
1213 503 1288 594 189

151 649 291 722 cardum
308 651 353 723 de
376 646 510 724 Hoton'
524 652 675 749 priorem
697 657 736 724 &
759 651 947 725 monachos
963 649 1170 726 Dunelmen·
1202 650 1243 713 A·
1263 650 1306 715 D·

152 758 218 850 ses,
236 758 296 834 sub
311 759 433 848 forma,
452 787 526 860 quae
543 758 709 858 sequitur.
753 761 939 863 Episcopus
956 765 1064 851 enim,
1090 754 1171 831 mis·
1209 752 1300 814 ¹3⁰0·

151 871 195 945 fis
212 873 324 946 literis
338 871 405 946 suit
419 898 483 971 pro
494 871 685 947 visitatione
701 874 841 972 capituli
859 876 1026 964 facienda,
1047 872 1172 947 admis-

151 980 207 1055 sus
220 984 266 1057 est
280 987 315 1056 in
330 984 476 1056 crastino
489 978 906 1071 ascentionisDominicae,
922 981 1080 1078 sacroque
1094 980 1170 1052 bre·
1308 1037 1337 1076 s

152 1093 186 1162 vi
205 1091 355 1166 sermone
373 1119 434 1193 per
451 1093 596 1166 eundem
613 1091 822 1193 episcopum,
843 1095 939 1189 cujus
954 1113 1025 1165 erat
1039 1092 1170 1180 thema,
1275 1114 1283 1130 ²

151 1202 282 1298 riserant
306 1225 361 1278 raa
385 1204 539 1302 custodivit
554 1204 697 1298 spiritura
721 1226 834 1291 mean,
860 1198 1062 1274 recesserunt
1084 1199 1168 1271 miffi

150 1310 295 1408 quidem
313 1310 484 1403 seculares,
508 1310 564 1385 sed
584 1309 814 1387 remanserunt
833 1337 910 1384 curn
926 1336 969 1385 eo
989 1312 1170 1408 quamplu·
1255 1397 1260 1409 Χ

151 1426 246 1496 timi.
279 1425 438 1498 Habebat
453 1429 547 1499 enim
566 1425 678 1498 secum
692 1424 888 1524 episcopum
902 1423 1087 1523 Jubileum,
1103 1426 1168 1520 qui
1299 1522 1302 1526 Ι
1353 1414 1356 1423 ’

150 1535 196 1606 ab
215 1539 288 1634 ejus
303 1538 499 1634 episcopatu
526 1564 587 1638 per
609 1535 787 1610 Satalenos
804 1535 959 1637 expulsus
977 1535 1170 1608 morabatur

107 1735 118 1745 ι
150 1674 230 1721 cum
252 1676 307 1742 co,
335 1666 410 1724 cum
432 1655 602 1750 equituris
627 1651 693 1742 sex,
717 1679 833 1725 curam
862 1651 1112 1748 spiritualitatis
1133 1652 1170 1721 iu

151 1777 249 1855 parte
261 1786 374 1853 agens,
391 1789 434 1835 eo
452 1762 547 1862 quod
562 1768 733 1836 Dominus
745 1763 922 1860 episcopus
935 1789 1002 1834 non
1018 1759 1171 1832 celebra·

151 1890 206 1944 tet
220 1873 361 1946 ordines
383 1873 443 1948 nisi
466 1873 557 1948 forte
573 1875 744 1947 loricatus.
794 1872 1041 1945 Remansetunt
1064 1874 1168 1942 etiam

151 2009 289 2057 tumeo
300 1987 427 2060 milites
441 1996 478 2063 &
494 1989 610 2062 clerici
629 1984 811 2061 numerosi.
841 1983 948 2078 Qud
966 1981 1083 2054 ridens
1096 1977 1169 2076 ipse

134 2079 261 2191 prior,
279 2097 327 2167 ait
344 2096 521 2198 episcopo:
547 2103 617 2172 Non
631 2102 777 2194 displiciat
789 2096 877 2185 rabie,
890 2112 992 2188 pater,
1010 2097 1168 2184 quierunt

148 2205 293 2302 instantia
306 2231 414 2303 rogant
420 2211 538 2303 fratres
553 2235 665 2299 amnes,
679 2212 768 2301 qaod,
782 2233 862 2279 mere
869 2207 1103 2300 pradecnieram
1113 2227 1167 2275 rr·

139 2313 275 2411 siretarn
290 2324 479 2412 antiquaram
488 2339 613 2414 petram
629 2322 827 2415 episcoporum
841 2315 1087 2414 Deadnenssan
1094 2337 1168 2408 prr·

149 2427 302 2518 cedentes,
321 2433 448 2521 placeat
462 2434 538 2505 roba
553 2434 669 2525 aliquos
682 2456 721 2501 ex
729 2429 896 2522 fratribus,
924 2429 1166 2522 tanqaamspiri·

149 2542 252 2612 taaler
267 2542 425 2638 ministros,
441 2549 607 2617 admittere
621 2545 662 2614 ad
677 2542 798 2633 niciam
812 2540 987 2634 nfitationr'r
999 2535 1094 2630 restra
1111 2562 1168 2607 ex·

150 2653 321 2725 arcendum.
363 2658 432 2726 Non
445 2661 525 2729 enirn
539 2658 680 2728 condecet
693 2680 747 2726 nea
765 2655 899 2748 expedit,
915 2656 973 2723 irnr
987 2655 1081 2721 etiarn
1088 2670 1166 2742 pre·

145 2761 337 2846 judicaretur
351 2766 428 2835 nobie
441 2763 482 2838 (θ’
490 2769 663 2860 privilegiis
680 2764 791 2859 nostrie,
813 2762 901 2859 fitur
918 2765 1019 2833 eserici
1036 2756 1075 2832 (θ’
1091 2765 1166 2832 iaici

150 2889 339 2943 remanentes
354 2873 446 2966 effert
453 2875 645 2971 scrutatores
651 2874 863 2971 lingularum·
884 2870 959 2976 Qi
973 2868 1164 2967 episcopus:

151 2984 240 3068 Sede,
250 2988 348 3075 ptiar,
363 2982 402 3058 θ’
415 3007 470 3080 prr
486 3007 567 3060 certo
582 2992 732 3081 intellige,
755 2988 834 3078 quoa
848 3010 947 3057 enrnes
960 2982 1040 3078 idias,
1059 2986 1112 3076 qai
1129 2984 1166 3054 de

151 3092 267 3186 censedia
288 3093 380 3184 nadre
397 3095 486 3191 seint,
500 3098 663 3192 'nobiscum
686 3099 795 3169 habere
817 3100 954 3167 resumas
971 3096 1004 3162 in
1014 3091 1160 3184 prasenti.

151 3200 345 3276 Adduxerat
360 3209 452 3277 enim
468 3206 580 3279 secum
595 3205 986 3302 magistmm·Johannem
1000 3200 1045 3273 de
1057 3208 1163 3299 Lacy,

151 3317 189 3391 δί
206 3312 398 3403 magistrum
415 3315 648 3408 Reginaldutn
671 3315 716 3388 de
733 3313 914 3387 Braundun
940 3310 1087 3383 famosos
1103 3312 1166 3383 ad-

149 3442 299 3512 vocatos,
312 3424 527 3523 &quosdam
544 3426 631 3500 alios
647 3429 852 3515 nominator,
870 3424 985 3497 rolens
1000 3432 1038 3498 &
1050 3422 1165 3521 dispo·

144 3559 233 3607 nens
255 3536 423 3610 mirabilia
449 3535 580 3628 facete;
606 3558 747 3638 propter
773 3536 869 3635 quod
895 3536 1066 3624 monachi,
1092 3535 1165 3608 sen·

148 3646 273 3718 tientes
290 3648 324 3720 se
343 3646 386 3724 fic
408 3651 446 3720 in
464 3648 663 3744 primordiis
687 3648 808 3745 injuste
832 3649 1044 3745 praegravari,
1074 3647 1166 3719 leno

150 3765 401 3854 procuratorio,
427 3764 535 3834 statim
554 3761 767 3862 appellarunt
791 3759 834 3831 ad
853 3763 981 3832 curiam
999 3758 1165 3850 Eborum,

149 3864 247 3940 &ad
270 3869 454 3941 tuicionem
479 3867 567 3943 sedis
588 3866 761 3967 ejusdem,
779 3887 814 3940 et
835 3868 870 3938 in
893 3863 1164 3965 supplementum

128 4001 131 4006 ·
145 3978 282 4076 jrtllitiae
299 3982 426 4055 curiam
443 3986 647 4071 Romanam,
673 3990 708 4055 ὃ(
730 3978 773 4052 stc
789 3979 1019 4080 appellatione
1041 3981 1166 4049 muniti

148 4087 352 4163 recesserunt
371 4119 500 4185 omnes,
529 4090 754 4189 remansitque
781 4087 1066 4186 solucepiscopus
1087 4115 1165 4162 cum
1382 4179 1384 4186 Ι

146 4195 293 4274 coosrlio
310 4199 382 4297 suo,
410 4207 589 4306 statimque
606 4201 690 4277 fecit
707 4205 933 4302 peremptorie
950 4203 1051 4275 citari
1069 4206 1164 4301 prio·
1301 4284 1307 4291 ¹

336 4326 338 4334 ’
545 4336 547 4340 ·
1088 4334 1160 4389 retu
