3000 5075
231 458 320 545 256
415 438 886 528 W.Hen11·nofoun
914 450 1041 531 Pena
1066 447 1312 563 Qudne-n

148 592 151 597 ’
213 608 258 674 Α,
278 608 324 674 D,
363 593 442 683 quud
457 618 512 664 nec
527 619 656 688 magnus
669 599 809 694 magister
827 603 953 694 ordinis,
978 629 1037 676 trec
1058 610 1176 702 atique
1197 613 1276 682 aliut
1290 609 1371 707 puali

220 708 314 773 ¹3¹1·
360 702 509 797 elfelm
523 703 656 796 fratres,
681 732 734 778 nec
749 702 960 800 penitentiam
978 716 1022 781 eis
1036 715 1197 809 injungere
1206 739 1262 811 pre
1272 741 1371 814 peeca-

358 814 413 891 tir.
454 813 631 918 Quium,
649 842 690 887 an
705 816 824 912 illarum
841 821 1029 916 depnsstinnet
1044 827 1159 893 tollant
1173 827 1224 894 rel
1243 827 1372 898 minuam

360 921 550 1015 depcrfitimes
563 926 711 995 aliarum?
760 929 807 997 Et
820 926 891 996 datr
907 930 983 1018 qual
994 952 1067 1016 non,
1083 927 1177 1023 ansst
1189 948 1295 1001 cantra
1305 933 1374 1002 alin

351 1034 621 1126 prmamciaulum,
636 1030 839 1130 &perquem
849 1037 991 1109 madum?
1033 1038 1114 1132 Etfi
1127 1040 1238 1135 nanfit
1248 1059 1373 1132 manun-

358 1140 513 1230 ciandum,
535 1139 916 1235 quidsuetitfaeiendum?
958 1149 1037 1219 Item
1050 1172 1121 1220 curn
1135 1151 1290 1221 Dominus
1298 1170 1371 1242 papa

355 1256 390 1324 iu
400 1252 468 1347 suis
484 1257 585 1325 literis
598 1259 770 1347 templarios
784 1255 956 1348 diffamatos
970 1255 1009 1331 θ
1024 1263 1180 1333 violenter
1189 1260 1372 1356 srcspeilcsde

351 1363 447 1460 incepi
463 1362 518 1457 effe
528 1367 698 1458 perhibeat,
724 1364 763 1440 (ν
780 1370 887 1438 multus
903 1369 940 1437 de
955 1368 1059 1439 ordine
1075 1393 1197 1462 magne
1216 1376 1370 1463 reputatio·

348 1477 397 1546 nis
414 1480 492 1553 ritas
508 1499 608 1548 taram
622 1474 658 1567 se
677 1473 716 1551 (u
732 1478 937 1549 cardinalibus
958 1502 995 1553 ac
1014 1482 1091 1552 aliis
1107 1485 1218 1553 multis
1230 1483 1369 1575 spumet

343 1586 418 1670 iture
434 1580 571 1677 cuufeffns
585 1581 690 1677 fuisse,
715 1586 794 1678 quod
809 1586 842 1654 in
853 1581 1023 1677 prosepiiane
1030 1585 1098 1680 sua
1115 1586 1269 1682 Chrilutn
1290 1590 1368 1661 elne·

340 1692 487 1787 gamm&
498 1697 531 1764 in
544 1719 661 1767 crucem
674 1714 809 1788 expuunt
821 1700 890 1766 διε.
928 1697 975 1789 Et
982 1713 1039 1786 per
1049 1721 1104 1767 not
1117 1702 1294 1771 exatninati
1306 1723 1366 1769 crn-

340 1805 409 1900 sassi
414 1804 502 1898 stunt,
512 1805 551 1898 fe
566 1810 700 1896 credere,
724 1808 803 1901 quod
814 1808 895 1877 idem
908 1805 948 1901 ιβ
960 1807 1064 1878 modus
1080 1811 1251 1902 recipiendi
1257 1808 1362 1903 pianes

339 1915 413 2011 suus
431 1911 470 1988 du
477 1912 660 2007 praseffionis
669 1913 818 2006 faciende
835 1915 956 2006 ubique.
992 1914 1180 2013 anicur,
1206 1936 1310 1989 uuum
1325 1916 1364 2013 uc

342 2043 401 2116 pet
414 2049 466 2095 nus
475 2025 646 2094 examinati
657 2025 847 2096 vehementer
860 2026 897 2095 de
909 2024 1006 2119 incepi
1010 2024 1075 2119 sunt
1079 2023 1231 2119 ficspelli‚
1245 2028 1316 2096 adea
1327 2045 1365 2113 tu,

349 2131 403 2229 nifi
414 2134 566 2226 legittime
574 2133 611 2227 se
621 2137 834 2226 purgaverint,
850 2135 978 2206 debeant
992 2138 1281 2224 anathematizari,
1296 2134 1364 2232 ulfi

348 2236 370 2312 i
391 2246 577 2336 purgatione
595 2241 657 2337 fine
679 2242 790 2338 exclufi
806 2244 927 2336 propter
941 2243 1182 2339 presumptionis
1205 2234 1366 2330 enumian

351 2370 456 2422 cantra
478 2350 578 2444 ipsos?
618 2355 666 2423 Et
679 2352 708 2447 fi
725 2356 767 2424 ad
777 2355 991 2446 purgationem
1008 2356 1137 2428 admitti
1157 2357 1300 2442 debeant,
1320 2376 1366 2448 pn

346 2485 424 2555 quas
438 2463 579 2557 personat
592 2465 718 2535 ualeant
727 2463 763 2559 se
771 2473 933 2557 purgate?
967 2469 1061 2555 Item,
1078 2492 1118 2538 ex
1134 2491 1196 2558 quc
1212 2468 1275 2535 alii
1291 2466 1364 2536 multi

348 2593 381 2643 et
394 2578 499 2666 magni
522 2577 558 2645 rie
575 2577 676 2647 ordine
686 2574 889 2669 profeffinnem
902 2579 1075 2652 hereticam
1085 2577 1167 2671 sunt
1186 2575 1316 2673 confessu
1339 2593 1365 2645 et

346 2683 393 2780 istc
409 2689 513 2756 nolunt
531 2685 642 2779 absque
658 2695 811 2758 tormentit
823 2685 1027 2780 professmuem
1039 2688 1215 2780 hujusmodi
1234 2689 1364 2781 confiteri,

345 2801 499 2891 quaritur,
523 2822 564 2869 an
571 2801 635 2890 piat
643 2798 826 2895 supponendi
842 2799 1041 2894 questionibus
1056 2818 1089 2868 et
1104 2810 1283 2887 tormentit,
1304 2803 1364 2867 licet

344 2912 397 2979 mc
416 2914 447 2979 in
459 2907 679 3003 regnn'Anglie
694 2909 844 3003 nusquam
858 2908 1058 3004 risumfuerit
1068 2915 1121 2983 rel
1135 2914 1306 2984 auditum?
1327 2912 1363 2981 Et

335 3021 363 3115 fi
379 3024 537 3112 torquendi
548 3021 621 3117 flur,
646 3043 747 3095 utrum
764 3042 824 3114 pet
844 3024 968 3092 clericas
986 3023 1036 3092 rel
1053 3024 1176 3093 laicos?
1233 3027 1280 3095 Et
1294 3024 1363 3108 data,

343 3134 422 3225 quod
437 3134 535 3202 nullus
554 3136 671 3204 omnino
687 3151 782 3202 tortor
794 3133 901 3201 valeat
914 3134 1043 3203 inueniri
1058 3134 1090 3201 in
1106 3134 1251 3225 Anglia‚
1272 3152 1361 3203 utrum

342 3261 399 3334 pra
414 3242 573 3312 tortoribus
588 3243 770 3312 mittendum
776 3238 818 3334 fit
831 3243 872 3310 ad
878 3259 984 3331 partes
996 3239 1242 3332 transmarinae,
1259 3261 1292 3312 ut
1294 3261 1361 3332 pre·

346 3361 416 3427 latin
430 3360 517 3426 nulla
529 3358 715 3447 negligentia
728 3360 833 3428 valeat
845 3356 1015 3444 imputati?
1053 3355 1138 3430 Item
1155 3359 1310 3445 quaritur,
1328 3375 1361 3422 ac
1404 3439 1407 3450 Ι

339 3465 429 3561 [uper
445 3464 512 3559 istie,
527 3466 576 3536 uel
589 3488 690 3534 eorum
703 3463 862 3555 aliquibus,
877 3479 951 3531 ante
960 3463 1152 3551 provinciale
1168 3460 1360 3557 c'onciliunpit
1405 3555 1407 3562 Ι

345 3573 571 3645 'Romanarum
585 3569 725 3664 pontifex
740 3568 955 3665 consulendus?
1002 3571 1230 3666 Vocavitque
1252 3570 1358 3642 Domi·
1405 3573 1407 3578 '

344 3710 406 3757 nus
420 3679 701 3778 Archiepiscopus
713 3686 840 3753 iterato
854 3679 897 3752 ad
911 3678 1099 3765 concilium
1116 3680 1218 3753 suum
1234 3684 1356 3778 prouin-

343 3794 429 3867 ciale
442 3816 559 3865 omnes
572 3792 727 3891 praelatos
739 3793 920 3889 provinciae
934 3812 1129 3886 exemptos,
1140 3793 1185 3864 ad
1200 3792 1294 3864 diem
1306 3788 1357 3862 sei·

343 3907 427 3984 licet
440 3906 527 3980 lunae
542 3908 733 4002 proximum
748 3905 822 4002 post
833 3899 1060 3975 ascenfionem
1073 3909 1243 3997 Domini,
1258 3928 1292 3977 et
1301 3908 1355 3976 ite·

344 4018 430 4089 ravit
449 4007 636 4115 processum
652 4015 696 4087 de
709 4015 907 4111 templariis,
921 4009 1075 4107 fecitque
1088 4012 1161 4107 legi
1180 4020 1218 4090 in
1233 4015 1356 4115 publico

718 4237 732 4281 ι
755 4223 796 4284 L.
812 4218 990 4286 Romanus.

1294 4308 1351 4385 bul.
