3000 5075
359 368 1061 478 ‘PRAEFATIOU

232 557 434 642 Goldwell
443 564 529 648 intr
539 553 811 661 mammon
824 550 1067 641 quorwich
1082 584 1198 658 1472.

183 686 393 797 12,Edw.4.
422 682 591 767 Godwin
609 705 754 789 1¹·497·

185 824 188 829 '
225 815 292 916 &t
309 821 399 902 tout
423 810 558 902 term
572 810 692 908 wrm
716 807 764 892 uf
781 804 988 914 Salisbury,
1014 805 1200 908 tbttttr

177 943 264 1044 tut?
278 946 324 1025 tu
335 946 387 1034 lt.
398 934 579 1022 Edle.

229 1063 287 1162 Ξῖ
307 1060 361 1166 ir,
384 1080 431 1151 er
447 1060 482 1145 it
497 1059 549 1161 ir,
576 1057 744 1148 eluunt
768 1055 816 1140 uf
835 1060 950 1158 mett
969 1052 1104 1159 uelut,
1122 1056 1200 1146 lttt

181 1189 287 1275 ittet
301 1179 1200 1289 temeraturumhclunlt’tupmutlouttn

175 1311 302 1397 alunt
320 1313 560 1416 autumem
575 1311 731 1413 ponunt
753 1325 898 1414 annun
911 1309 1022 1402 sumt
1037 1309 1198 1402 retium

183 1455 289 1530 mett

227 1570 259 1652 §.
271 1563 510 1645 XXXVIII.
541 1555 655 1637 Licet
676 1550 834 1634 fortaffe
850 1580 934 1634 non
959 1550 1099 1660 defint,
1129 1557 1198 1668 qui

177 1678 221 1768 ex
246 1683 324 1768 hac
342 1704 438 1767 nota
451 1682 676 1795 conjicient,
693 1708 766 1763 nos
783 1681 859 1763 effe
874 1677 1010 1762 stultos
1024 1680 1142 1788 pretii
1157 1684 1203 1765 li·

176 1809 339 1895 brorum
354 1810 648 1913 existimatores,
657 1805 952 1915 haudquaquam
966 1823 1101 1890 tamen
1114 1806 1203 1891 her·

177 1935 232 2019 ele
252 1964 330 2045 nos
345 1936 481 2044 inepte
497 1933 645 2018 senfilse
662 1931 890 2042 judicabunt
910 1930 989 2037 alii,
1019 1931 1127 2015 srmul
1143 1952 1202 2017 at·
1271 1924 1277 1931 ’

178 2087 254 2171 que
274 2061 551 2172 cognoverint,
579 2058 682 2138 suam
708 2055 847 2166 cuique
867 2080 950 2137 rem
968 2055 1043 2138 effe
1062 2057 1203 2143 cariffi·

179 2211 300 2287 mam,
335 2181 767 2295 virumque-quendam,
794 2180 854 2262 his
878 2181 921 2263 in
946 2181 1061 2265 rebus
1080 2182 1202 2295 longe
1322 2292 1327 2299 .

179 2306 488 2413 versatiffimum,
514 2306 719 2389 Baronetti
739 2304 962 2412 praenobilis
981 2308 1204 2416 (quemsu-
1280 2304 1282 2308 ⁴

178 2461 247 2544 pra
262 2434 481 2542 innuimus)
508 2431 697 2516 Codicem
714 2453 874 2516 centum
893 2431 977 2539 plus
997 2428 1125 2515 minus
1137 2462 1202 2516 va·

139 2561 144 2568 ’
179 2558 259 2644 lere
274 2560 393 2666 libras
409 2559 522 2643 nobis
537 2559 731 2643 indicalle.
770 2555 1115 2671 Qemadmodum
1128 2589 1200 2674 ¹ne-

181 2712 255 2798 que
273 2686 485 2794 putabunt,
498 2714 573 2769 nos
585 2682 983 2797 injuriaWicclevistis
998 2687 1201 2773 Puritanis·

182 2823 261 2923 que
291 2812 376 2896 aliis
413 2813 601 2897 librorum
633 2812 938 2896 destrustionem
971 2813 1200 2925 attribuille,

180 2934 388 3046 postquam
408 2960 585 3020 accurate
602 2940 877 3049 intellexerint,
895 2941 1115 3052 hujusmodi
1126 2945 1198 3027 ho·

181 3059 305 3143 mines
317 3055 423 3142 furta
438 3063 512 3142 elle
529 3086 688 3170 peccata
699 3066 924 3175 neutiquam
940 3085 1090 3171 putare.
1117 3070 1201 3151 Ne·

181 3213 258 3297 que
288 3185 347 3266 est
379 3213 447 3268 cur
475 3189 680 3294 existimes,
704 3191 787 3273 haec
811 3211 962 3271 temere
984 3190 1060 3272 elle
1082 3188 1199 3278 dicta.

183 3311 426 3396 Sententiam
449 3312 539 3396 lane
553 3318 787 3400 confirmare
804 3314 898 3399 haut
915 3315 1051 3399 leviter
1068 3316 1203 3404 viden·

1244 403 1313 465 oxr
1376 380 1377 384 '

184 3459 245 3523 tur
261 3440 366 3521 bella
386 3441 514 3522 nostra
528 3444 667 3549 civilia,
683 3446 724 3528 in
740 3444 875 3556 quibus
889 3460 1000 3525 tanta
1013 3441 1202 3528 librorum
1253 3535 1255 3538 ,

184 3551 328 3677 strages
342 3564 447 3647 farra
461 3568 579 3651 fuerit
594 3570 643 3652 ab
659 3567 1009 3677 ipfisWicclevistis
1029 3566 1201 3677 reliquis·
1370 3663 1372 3668 ,

184 3716 259 3799 que
274 3691 479 3797 Puritanis,
492 3698 611 3805 regiae
627 3691 1080 3804 prolapiaeinfestiffimis.
1109 3703 1202 3779 Pro·

186 3845 257 3925 que
272 3815 389 3928 eapse
408 3819 480 3903 hac
497 3818 691 3906 sententia
704 3822 843 3906 adduci
862 3820 1005 3931 pollint
1023 3822 1202 3930 exempla

187 3949 416 4032 recentiora.
468 3945 515 4028 Id
536 3951 644 4058 quod
665 3953 810 4034 nemini
829 3953 952 4032 latere
964 3948 1106 4057 potest,
1134 3950 1201 4058 qui

187 4072 422 4175 meminerit,
449 4074 652 4161 Puritanos
675 4076 799 4161 solere
821 4074 941 4159 libros
962 4070 1110 4155 alienos
1131 4068 1200 4150 fibi

1107 4222 1200 4283 ven·
1314 4305 1320 4315 ι
