3000 5075
200 490 255 580 64
473 476 739 559 Wrurrnr
776 475 1163 559 Huuruceonu

174 640 218 707 A.
234 642 279 705 D.
312 634 459 724 Regem,
485 653 644 730 tanquam
665 634 756 730 pacis
771 631 963 705 Zelatorem
980 654 1016 704 et
1030 634 1161 706 Filium
1175 628 1309 704 Catholi-

182 741 273 806 ¹²95·
312 769 402 832 cum,
426 764 645 834 rogaverunt,
671 764 721 834 ut,
746 763 907 842 tanquam
924 747 1088 844 Princeps
1112 741 1269 843 piiffimus
1284 760 1310 812 et
1331 756 1336 767 '

312 860 404 957 pacis
421 860 447 928 F
450 857 541 945 ilius,
565 854 763 947 dignaretur
779 859 930 928 animum
951 856 992 929 ad
1010 861 1102 956 pacis
1122 855 1253 928 bonum
1270 856 1311 925 iu·

309 972 448 1044 clinare.
488 965 768 1067 Responsumque
789 973 834 1042 est
854 974 903 1042 eis
917 994 962 1058 cx
977 993 1072 1068 parte
1088 972 1210 1062 Regis,
1234 965 1312 1065 quod

311 1079 502 1153 deliberato
519 1076 663 1150 'confilio
686 1082 765 1151 Rex
787 1077 830 1150 ad
853 1082 1061 1172 interrogata
1077 1100 1114 1150 et
1135 1096 1256 1171 rogata
1271 1098 1313 1147 re·
1327 1080 1338 1105 ”

309 1191 489 1292 sponderet
505 1192 563 1264 die
580 1195 696 1265 tercia.
744 1196 825 1262 Erat
840 1203 952 1266 autem
970 1193 1105 1265 Thema
1125 1195 1230 1264 unius
1244 1188 1314 1261 Car·

311 1304 448 1394 dinalis,
458 1307 513 1378 Da
519 1328 641 1400 pacem,
649 1307 791 1392 Domine,
803 1308 835 1375 ia
846 1304 947 1379 diebus
959 1306 1075 1401 adisis,
1083 1293 1224 1379 alterius
1234 1290 1320 1393 nero,

310 1420 473 1512 adaperiat
488 1420 636 1488 Dominus
650 1440 698 1486 mr
714 1414 838 1510 restrum
853 1415 886 1484 ia
897 1419 963 1509 lege
974 1414 1044 1513 ssa,
1067 1435 1100 1488 et
1112 1412 1313 1511 imperet-ficet

304 1529 413 1625 facere
432 1547 549 1620 pacem.
595 1523 808 1596 Adveniente
832 1520 1034 1613 dietercio,
1058 1545 1095 1596 et
1111 1540 1313 1615 congregato

308 1637 485 1724 Concilio,
507 1639 626 1707 Frater
641 1632 834 1708 Willelmus
857 1635 1045 1707 'Hothonr‘
1063 1632 1265 1735 praedicavit
1283 1635 1313 1703 in

308 1752 448 1838 Latino,
473 1745 555 1818 ficut
573 1743 772 1817 Cardinales
788 1742 950 1837 fecerant,
975 1742 1144 1845 assumpto
1156 1746 1314 1818 Themtte

308 1862 394 1935 hoc:
418 1862 556 1933 Audiam
572 1863 643 1954 quid
666 1863 805 1954 tequam
820 1865 852 1932 in
873 1885 921 1934 me
934 1863 1097 1950 Dominus,
1124 1867 1266 1954 qusniam
1278 1862 1313 1931 ds·

308 1994 417 2068 quarm
425 1993 533 2065 pacem
546 1976 578 2043 in
586 1971 809 2066 plebemfisam,
822 1971 987 2048 reducens
998 1975 1033 2043 in
1049 1993 1146 2071 parte
1160 1971 1219 2064 fic,
1229 1969 1312 2071 quod

308 2088 388 2156 Rex
404 2083 523 2172 noster,
542 2103 704 2178 tanquam
718 2106 803 2152 verae
816 2081 1026 2154 obediencia
1042 2083 1151 2155 Filius
1169 2068 1313 2183 pacisque

307 2192 460 2279 Zelator,
480 2210 614 2284 paratus
628 2209 701 2260 erat
714 2186 832 2260 audire
847 2189 1036 2288 Apostolica
1053 2191 1228 2282 mandata,
1252 2212 1311 2262 tau·

308 2327 412 2401 quarn
426 2301 560 2372 coelitus
573 2302 681 2370 eciam
692 2294 817 2371 emiffa.
851 2305 1037 2400 Finitoque
1050 2306 1233 2393 Sermone,
1247 2301 1311 2374 brt·

308 2413 344 2481 vi
357 2410 548 2505 statimque,
565 2433 607 2478 ex
622 2430 791 2506 praecepto
804 2410 924 2499 Regis,
941 2408 1145 2480 recitabatur
1160 2415 1197 2481 in
1213 2408 1311 2481 Galli·

305 2546 352 2595 co
364 2541 456 2596 totus
469 2519 637 2620 processus
655 2518 909 2620 suprascriptus,
930 2523 1105 2620 quomodo
1122 2523 1255 2597 scilicet
1269 2526 1310 2596 in·

309 2654 363 2706 ter
379 2639 489 2726 Reges
508 2634 595 2732 ipsos
612 2659 731 2725 guerra
749 2654 868 2705 exorta
883 2636 928 2705 est
945 2656 979 2704 et
996 2632 1102 2731 usque
1119 2640 1157 2707 in
1175 2636 1308 2710 eundem

306 2744 401 2818 diem
416 2747 625 2833 continuata,
643 2763 681 2815 ut
699 2741 772 2842 ipfi,
787 2744 847 2839 qui
863 2740 1074 2815 Mediatores
1092 2750 1188 2842 pacis
1202 2748 1308 2819 existe·

307 2878 384 2929 rent
397 2878 432 2929 et
450 2878 678 2954 promotores,
701 2853 819 2927 uidere
832 2848 960 2949 poffent
977 2876 1013 2925 et
1026 2854 1220 2948 dinoscere,
1241 2861 1307 2956 quis

304 2972 438 3058 Regum
452 2965 617 3061 justiciam
630 2964 768 3035 haberet
781 2966 815 3034 in
826 2958 934 3049 causa,
946 2961 998 3031 vel
1012 2966 1087 3059 quis
1101 2968 1135 3035 in
1147 2968 1306 3062 justiciam

98 3101 100 3106 ’
188 3151 190 3155 ,
305 3072 514 3146 consonaret.
550 3078 589 3143 In
604 3071 674 3142 fine
691 3096 771 3145 veto
787 3074 896 3142 tocius
908 3068 1018 3163 longae
1031 3076 1251 3148 recitacionis
1264 3072 1282 3146 s
1295 3115 1307 3128 ·

303 3184 495 3283 prascriptae
513 3180 656 3254 surrexit
675 3184 842 3254 Antonius
864 3182 1099 3256 Dunolmensrs
1116 3184 1305 3283 Episcopus,

305 3314 341 3365 et
357 3312 507 3389 exparte
522 3293 628 3382 Regis
644 3288 819 3389 respondit
834 3287 877 3361 fic
893 3294 928 3363 in
943 3290 1097 3365 Gallico:
1122 3300 1193 3385 Vos,
1206 3299 1305 3368 Demi

307 3404 342 3470 ni
358 3405 553 3489 Cardinales,
577 3402 702 3499 rogastis
718 3411 749 3474 et
765 3402 917 3499 reqsififlis
933 3409 1098 3478 Dominum
1111 3409 1237 3504 resisum
1251 3412 1304 3480 Re·

299 3533 375 3604 gem
393 3533 449 3606 pro
461 3516 553 3603 plena
564 3532 642 3604 pase
663 3515 860 3598 concedenda,
891 3518 938 3586 rel
960 3516 1040 3586 bonis
1055 3517 1171 3610 saitem
1188 3522 1303 3612 Tresgis

304 3619 421 3691 diucius
438 3623 659 3710 amplectendis,
688 3639 720 3689 et
731 3623 803 3689 lieet
820 3619 1014 3714 unusquisque
1026 3626 1098 3695 Chri
1122 3630 1213 3696 ianus
1229 3646 1260 3696 et
1268 3626 1303 3719 fi·

305 3728 341 3798 de
356 3731 530 3800 Catholicis
544 3750 651 3822 pacem
666 3733 742 3802 veile
759 3731 885 3816 debebis,
909 3749 942 3799 et
957 3755 1024 3802 eam
1039 3738 1179 3825 ampleiii
1196 3738 1303 3808 racione
1350 3721 1351 3744 ἶ

303 3842 449 3930 bonnam,
474 3866 535 3935 qus
555 3872 592 3916 ex
618 3870 654 3915 ea
665 3845 818 3939 ficantur,
840 3861 871 3912 et
888 3862 1010 3935 prepter
1031 3850 1092 3934 ejus
1110 3855 1263 3921 sannatia
1275 3865 1301 3918 et

304 3956 448 4053 immensa
464 3960 560 4044 mala,
585 3982 646 4051 que
662 3983 700 4028 ex
712 3978 829 4049 guerra
851 3962 1030 4049 permissas
1054 3980 1085 4031 er
1109 3990 1148 4035 ex
1164 3963 1300 4058 sediciosis
1346 3967 1351 3992 '¹

705 4191 720 4235 1
744 4170 860 4235 Hoton
877 4175 910 4233 T.
1012 4208 1014 4212 v

1248 4330 1295 4378 Μ·
