3000 5075
192 446 303 578 '136
426 462 429 469 ’
506 464 775 551 Wnn‘rstr
820 459 1258 587 thrucsono.
1374 554 1378 565 Ι

201 642 245 709 Α,
265 640 311 705 1),
341 640 398 695 ant
413 643 537 696 mortem
553 627 598 695 eis
613 626 663 695 rel
676 623 775 693 alicui
794 646 891 693 eorum
907 618 1035 711 inferat,
1054 617 1114 709 sab
1132 638 1226 710 poenae
1241 613 1350 707 amiffre

208 740 300 807 1²97·
340 739 388 807 nis
402 740 468 808 vira
482 755 514 805 er
531 735 764 821 ‘membrorum
769 728 959 822 presentibus
976 733 1019 801 ad
1032 733 1230 803 voluntatem
1245 726 1354 823 affirm

339 844 503 917 duratrrrir.
546 841 770 934 Egredientes
782 837 919 910 tandem
935 835 1098 909 Senti-de
1116 837 1204 909 loco
1221 837 1297 926 illo,
1313 856 1355 908 te·

341 954 525 1025 tenderunt
548 956 638 1024 acies
653 949 725 1023 snas
742 944 854 1021 versus
871 950 1017 1019 Novum
1034 947 1196 1020 Castrum
1215 974 1259 1021 ex
1273 963 1355 1043 parte

341 1061 469 1133 boriali
483 1059 527 1132 de
542 1063 655 1155 Tyne,
671 1065 707 1130 et
721 1072 800 1128 eum
816 1054 921 1126 effent
936 1081 981 1127 ex
993 1054 1156 1153 opposito
1174 1056 1272 1129 illius
1284 1053 1357 1129 'villa

311 1208 316 1213 ·
342 1168 387 1241 de
404 1173 540 1258 Riton]
559 1168 674 1260 egreffi
691 1165 768 1239 sunt
785 1168 849 1238 viri
864 1165 1002 1264 quidam
1018 1192 1061 1239 ex
1075 1156 1205 1238 eadem
1221 1165 1311 1256 villa,
1330 1184 1357 1237 et

345 1278 595 1351 maledicebant
611 1281 673 1367 eis,
689 1303 758 1351 non
772 1280 931 1349 timentes
944 1302 1015 1367 eos,
1034 1304 1080 1352 eo
1097 1278 1307 1379 quod'aqua
1317 1274 1358 1351 su·

343 1387 590 1486 perabundaret
602 1392 638 1461 in
653 1410 761 1488 parre.
804 1393 963 1484 Moxque
976 1412 1019 1460 ex
1034 1391 1151 1463 Scotis
1166 1388 1358 1463 ttanfierunt
1379 1485 1381 1491 Ι

342 1498 456 1589 multi,
473 1519 508 1570 et
518 1496 661 1570 eandem
674 1499 790 1569 villam
805 1497 1040 1588 incendentes,
1057 1503 1240 1573 continuo
1250 1486 1357 1573 ¹rererli

256 1676 261 1695 ,
343 1609 432 1703 sunt,
456 1607 732 1707 fugientibusque
746 1610 883 1700 ineolis,
901 1613 973 1709 jam
986 1612 1098 1687 statim
1115 1638 1241 1688 tumor
1261 1608 1358 1685 ascen·

343 1721 410 1811 dit,
437 1724 603 1795 adveniunt
619 1724 714 1809 Serri,
739 1725 915 1818 crevitque
931 1720 1060 1794 clamor
1077 1745 1114 1796 et
1140 1711 1298 1797 ululatus
1311 1744 1357 1793 oo

344 1853 419 1902 rum
434 1855 494 1929 per
507 1833 714 1928 provinciam
725 1852 847 1919 totam,
856 1853 890 1902 et
903 1829 1064 1925 fugerunt
1075 1856 1112 1907 et
1126 1831 1249 1908 secum
1263 1830 1357 1932 aspor-

346 1958 501 2017 taverunt
516 1935 604 2008 bona
618 1932 686 2027 lua,
700 1964 767 2010 non
777 1938 917 2037 quidem
932 1943 967 2012 in
981 1942 1125 2033 gaudio,
1136 1939 1201 2015 sed
1217 1945 1256 2015 in
1270 1943 1356 2028 llutu3

346 2074 410 2120 nec
427 2068 502 2120 erar
520 2048 581 2144 qui
604 2045 778 2139 resisteret,
799 2048 856 2124 seu
873 2051 917 2124 ad
933 2049 1154 2125 refistendum
1168 2051 1210 2125 le
1229 2070 1356 2151 pararet,

346 2151 409 2225 nifi
420 2151 664 2241 Dunelmenses
674 2178 709 2227 et
723 2162 811 2230 cives
821 2159 866 2230 de
884 2164 991 2232 Novo
1004 2160 1138 2234 Castro.
1151 2195 1154 2201 ·
1180 2163 1265 2237 Viti
1278 2161 1356 2247 enin

346 2261 500 2353 animosi,
519 2266 687 2359 quierant
704 2271 738 2338 in
755 2267 911 2366 praefidio
922 2268 1153 2359 NoniCastti,
1167 2286 1356 2367 paraverunt
1380 2332 1385 2339 .

349 2370 383 2446 se
397 2371 439 2443 ad
456 2396 614 2471 pugnam,
625 2373 838 2466 egredientes
853 2375 895 2449 ab
905 2376 1016 2466 Urbe,
1032 2403 1104 2449 non
1118 2376 1228 2470 longe
1245 2388 1367 2462 tamen*

348 2505 391 2552 eo
406 2475 499 2577 quod
511 2481 667 2575 perpauci
685 2474 821 2552 fuerant
834 2479 985 2579 respediu
999 2479 1205 2556 multorum.
1264 2474 1355 2576 Qod
1397 2514 1398 2540 1

348 2590 499 2664 videntes
525 2593 633 2683 scoti,
657 2589 912 2665 declinaverunt
929 2594 972 2665 ab
987 2592 1099 2682 Urbe,
1122 2614 1159 2664 et
1174 2592 1354 2667 dividentes

349 2712 440 2780 inter
457 2707 488 2777 se
505 2705 607 2802 spolia
624 2708 776 2805 quaefita,
786 2709 998 2784 tradiderunt
1012 2709 1284 2786 Galwalenfibus
1295 2732 1354 2809 par·

348 2839 399 2891 tes
410 2818 494 2907 suas,
518 2838 553 2889 et
566 2818 723 2891 abierunt
739 2824 774 2893 in
790 2823 867 2896 loca
879 2819 945 2895 sua.

453 3117 652 3212 Carlirlenses
665 3108 808 3212 fecerunt
816 3124 929 3214 predas
943 3126 974 3194 in
987 3126 1076 3198 Valle
1091 3128 1260 3200 Arandia.

483 3284 646 3353 Oo1cuur
665 3304 743 3353 ante
761 3281 912 3354 Nathale
928 3283 1081 3371 Domini,
1103 3286 1280 3357 Dominus
1294 3287 1354 3355 Ro·

508 3385 622 3457 bertus
639 3385 681 3458 de
695 3386 856 3478 Clifford,
873 3414 948 3461 curn
963 3409 1102 3460 centum
1119 3393 1263 3462 armatis
1275 3390 1355 3463 Ciri-

349 3499 427 3571 tatis
441 3518 475 3569 et
487 3499 676 3570 Comitatus
693 3498 920 3591 Carliolenfis,
939 3525 975 3573 et
989 3503 1088 3575 Xth.
1109 3503 1260 3577 Milibus
1273 3500 1355 3602 pedi·

334 3604 338 3611 ’
353 3629 425 3680 tum
440 3607 639 3697 electorum,
663 3605 827 3702 ingrelsus
842 3610 887 3681 est
899 3608 1032 3684 Vallem
1046 3613 1227 3704 Anandiae,
1238 3633 1277 3687 ut
1287 3607 1355 3709 qlrae·

351 3712 488 3787 daretur
505 3710 646 3785 ibidem.
696 3714 851 3811 Cumque
865 3711 1051 3787 tranfiffent
1067 3742 1194 3816 aquam
1213 3719 1258 3790 de
1274 3714 1355 3788 Sulc-

350 3824 466 3916 wath‘,
476 3849 555 3895 mox
567 3850 649 3897 voce
663 3828 825 3923 praeconis
838 3824 1085 3901 conclamatum
1096 3828 1157 3917 est,
1167 3850 1205 3900 ut
1216 3824 1357 3900 ’nullum

392 4050 406 4093 1
431 4032 665 4096 Membrorum.
697 4029 734 4094 In
749 4032 834 4111 cujus
849 4032 1126 4097 reitestimonium
1137 4039 1206 4104 &c
1218 4055 1254 4103 ut
1266 4036 1353 4119 supra,

347 4115 388 4181 ad
412 4118 610 4185 voluntatem
631 4117 770 4183 nostram
791 4118 958 4187 duraturis.
988 4123 1112 4191 Datum
1133 4141 1169 4192 ut
1190 4126 1290 4215 supra.
1319 4118 1353 4190 Ε’-

348 4206 572 4293 gredientesT.
614 4209 748 4276 aNulli
760 4216 795 4275 T.
808 4210 906 4284 &Tu
1134 4215 1137 4220 ’

1270 4299 1352 4395 quic·
