3000 5075
127 524 250 586 mxrv
567 491 990 567 nensnnrx.

138 658 183 724 A,
198 657 244 722 D,
273 639 449 724 supradidis
463 639 648 718 contencio,
668 635 814 716 fatisque
829 631 874 694 est
889 618 1237 727 porteriurconcordia
1249 633 1297 683 ta·

98 776 117 796 .·
148 757 240 823 1451,
275 731 314 796 lis
328 735 412 797 inter
426 731 550 811 fratres,
574 743 609 789 ut
627 746 739 790 omnes
756 725 945 788 unanimiter
959 737 1088 802 unoque
1108 733 1225 819 9¹⁰,m
1244 710 1296 773 dre

275 823 448 889 eleccionis
460 818 686 905 procederent,
704 817 886 897 dictumque
901 828 1037 898 patrem,
1052 826 1201 910 quamuis
1215 801 1299 909 mul·

273 926 342 979 tum
352 916 560 995 renitentem,
574 910 734 993 multaque
745 911 847 972 eciam
858 918 894 969 ac
905 896 1300 999 multipharia,v1delrcet,

273 1007 410 1070 colicam
425 1008 460 1071 δι
474 1003 644 1089 calculum,
664 1002 870 1086 ¹diampnem
885 1012 918 1061 et
936 995 1123 1076 'nefrefirm
1139 991 1304 1056 senesiam

119 1106 191 1159 stol.
204 1122 227 1174 3.
244 1099 309 1166 a&
324 1101 458 1180 senium,
480 1097 629 1179 diemque
649 1094 772 1159 dierum
791 1095 960 1158 instantem
973 1094 994 1139 *s
1005 1089 1225 1169 noviffimum,
1239 1106 1299 1169 pro

272 1188 303 1254 se
321 1191 454 1254 insuam
470 1190 711 1252 excusacionem
724 1199 957 1270 opponentem,
982 1182 1213 1251 nichilominus
1230 1197 1300 1243 rut·

271 1281 320 1355 sus
331 1283 502 1364 eligerent,
510 1279 669 1363 rursusque
679 1279 733 1342 fibi
744 1283 778 1351 in
789 1278 945 1362 pastorem
956 1274 1076 1359 praefici
1085 1272 1304 1358 postularent,

273 1380 359 1460 cujus
378 1377 603 1461 postulacionis
623 1376 685 1440 {ive
710 1374 882 1439 eleccionis
902 1388 996 1441 tenor
1011 1366 1064 1436 hic
1086 1368 1299 1454 subsequitur,

275 1483 308 1532 et
321 1471 367 1533 est
381 1472 464 1534 talis.
527 1483 532 1503 ⁸
950 1517 955 1526 ,

314 1566 607 1632 Universrssandiae
619 1565 878 1632 matrisecclefiae
888 1564 973 1646 filiis,
994 1565 1167 1649 praesentes
1176 1562 1300 1626 litteras

275 1662 338 1726 five
351 1664 539 1748 praesentem
552 1663 728 1748 processum
738 1661 935 1747 inspecturis,
957 1661 1143 1725 willelmus
1156 1659 1254 1724 Prior
1269 1674 1300 1721 et

274 1753 459 1841 Capitulum
477 1760 540 1824 five
554 1757 746 1822 Conventus
763 1755 952 1822 Monasterii
971 1753 1070 1820 naui
1087 1754 1225 1835 Albani,
1245 1773 1299 1817 or·

167 1882 171 1897 r
274 1853 356 1916 dinis
366 1855 462 1918 saneti
475 1853 655 1937 Benedicti,
667 1851 896 1918 Lincolnienfis
906 1849 1299 1939 diocesis,adRomanam

275 1951 438 2014 ecclesiam
452 1952 541 2015 nullo
551 1951 659 2014 medio
669 1947 1016 2034 pertinentis,Salutem
1026 1953 1061 2012 in
1072 1951 1222 2022 omniurn
1231 1944 1298 2011 Sat-

275 2059 399 2110 vatore.
433 2045 620 2108 Canonibus
635 2046 784 2107 novimus
799 2043 860 2106 effe
874 2060 1016 2126 caurum,
1037 2042 1127 2127 quod
1139 2042 1225 2114 ultra
1236 2058 1300 2105 tres

273 2139 396 2202 menses
410 2153 524 2205 vacare
540 2160 606 2203 non
626 2139 741 2212 debeat
756 2139 886 2208 ecclelia
904 2139 1057 2222 regularis
1076 2138 1227 2223 praelato,
1249 2138 1298 2209 vi-

272 2231 361 2296 duari
371 2233 421 2297 seu
433 2235 570 2319 pastore,
585 2256 627 2298 ne
641 2237 806 2309 occasione
819 2237 1001 2300 vacacionis
1015 2232 1150 2297 diutinae
1162 2232 1297 2302 ecclelia

274 2327 337 2392 srv'e
345 2331 577 2403 Monasterium
587 2332 764 2415 hujufinodi
776 2335 811 2396 in
821 2328 1051 2414 temporalibus
1062 2346 1161 2410 grave
1172 2327 1299 2415 dispen-

274 2423 362 2488 dium
372 2443 543 2508 pateretur.
579 2430 627 2494 Ea
639 2447 783 2515 propter,
804 2446 939 2497 vacante
953 2449 1055 2511 nuper
1070 2427 1208 2494 ecclefia
1221 2446 1301 2493 con·

272 2522 413 2594 ventuali
426 2523 489 2587 five
504 2526 703 2592 Mouasterio
718 2529 827 2593 nostro
836 2527 1003 2610 praedidim
1014 2546 1072 2611 per
1083 2541 1228 2592 mortem
1238 2528 1296 2595 bo·

275 2637 325 2682 nae
341 2625 504 2687 memoriae
525 2626 640 2688 Fratris
652 2626 807 2707 Johannis
826 2625 938 2707 Stoke,
959 2625 1066 2688 ultimi
1081 2624 1207 2690 abbatis
1221 2623 1299 2707 ejus-

274 2710 361 2794 dem,
377 2719 429 2798 qui
444 2736 543 2799 nuper
557 2718 798 2800 quartodecimo
811 2718 863 2780 die
874 2717 995 2783 Menfis
1006 2717 1219 2801 Decembris,
1238 2733 1297 2782 an·

274 2809 458 2890 noDomini
469 2813 635 2876 millesimo
646 2812 1298 2897 quadringentesrmoquinqua-gesunop'ri-

274 2923 344 2986 mo,
353 2986 356 2991 .
366 2909 400 2967 in
414 2906 478 2971 fata
492 2908 639 2974 decessit:
661 2912 736 2977 Nos
748 2896 835 2993 prior
850 2909 964 2991 diuus,
986 2922 1020 2973 et
1040 2922 1157 2971 omnes
1171 2902 1299 2974 confra-

274 3013 337 3063 tres
352 3017 385 3063 et
394 3005 618 3068 commonachi
630 3004 767 3087 ejusdem
777 3005 959 3068 monasterii
970 3021 1047 3069 tunc
1061 3006 1251 3089 praesentes,
1266 3017 1302 3069 et

275 3094 484 3160 Conventum
492 3099 552 3161 five
560 3098 746 3182 Capitulum
756 3098 893 3181 eJusdem
903 3100 1043 3166 ecclefiae
1054 3102 1118 3165 five
1127 3100 1301 3174 Monaste:

273 3195 312 3253 rii
322 3194 485 3277 facientes,
494 3199 528 3259 in
538 3197 636 3261 domo
648 3197 826 3281 Capitulari
836 3198 975 3285 ejusdem
984 3201 1129 3267 ecclefiae
1140 3204 1207 3267 five
1218 3205 1297 3269 Mo-

273 3290 400 3352 nasterii
414 3293 562 3356 vicesrmo
576 3293 663 3356 sexto
680 3292 732 3354 die
750 3291 889 3375 ejusdem
902 3298 1028 3378 mensis,
1053 3318 1141 3362 anno
1158 3298 1299 3365 Domini

272 3383 462 3466 supradielo,
476 3388 691 3467 capitulariter
699 3389 901 3469 congregati,
910 3409 952 3452 ne
962 3390 1026 3473 ipsa
1038 3391 1174 3457 ecclefia
1188 3387 1296 3460 nostra

273 3481 336 3542 five
351 3482 576 3544 monasterium
592 3482 784 3546 ³viduetatis
794 3481 855 3545 suae
869 3484 1075 3548 incommoda
1087 3487 1225 3554 ulterius
1239 3483 1296 3554 de,

117 3584 186 3638 tros.
202 3602 223 3652 3·
242 3585 264 3638 b.
274 3575 576 3656 pint‘aret,*habitis
587 3593 620 3639 et
630 3578 771 3659 optentis
783 3575 926 3657 primitus
937 3578 956 3650 a
966 3578 1163 3645 serenissimo
1174 3586 1296 3667 princi·

272 3688 312 3748 pe
325 3684 357 3730 et
371 3669 501 3732 domino
511 3670 631 3751 nostr0,
647 3670 779 3733 domino
790 3669 951 3753 Henrico,
970 3673 1038 3737 Dei
1053 3679 1177 3761 gracia,
1199 3679 1296 3763 Rege

273 3762 398 3848 Angliae
411 3779 441 3824 et
453 3764 606 3843 Franciae,
621 3786 657 3827 ac
672 3765 804 3836 domino
816 3763 996 3850 Hiberniae,
1012 3760 1092 3832 dieii
1107 3772 1305 3848 monasterii

272 3856 436 3917 fundatore
455 3877 491 3917 ac
504 3871 653 3939 patrono,
674 3858 809 3918 licencia
821 3857 855 3931 ip
865 3858 924 3921 hac
935 3876 1024 3940 parte
1042 3866 1208 3950 requisita,
1224 3877 1296 3934 cers

272 3963 321 4012 ros
337 3951 423 4014 diem
434 3968 465 4013 et
480 3953 587 4013 locum
599 3965 833 4033 competentes,
849 3955 999 4021 videlicet
1009 3959 1099 4024 diem
1109 3962 1297 4030 sextumde-

232 4113 236 4131 ζ
273 4044 390 4105 simum
402 4046 657 4127 menlichmuarii
668 4058 784 4108 extunc
796 4052 943 4126 proximo
952 4052 1110 4138 futurum,
1118 4075 1153 4122 et
1161 4061 1298 4128 domum

318 4249 465 4323 spsaihisn.
485 4205 889 4339 Pnindomssdiirrir,2}eerrir.
928 4258 1150 4337 ‘sNeplsritida.'
1183 4287 1210 4349 ,3
1234 4272 1282 4332 sie.

1049 4380 1052 4384 '
1234 4376 1294 4421 ,Cas
