3000 5075
116 476 261 536 cnxxlv
574 410 995 522 APPENDIX.

134 604 179 671 Α,
196 605 240 670 1),
268 587 490 677 pedimentaqnt
503 588 695 673 egritudinis,
716 586 794 675 quod
803 589 964 652 nudatenuc
972 582 1094 669 ¹placere
1102 584 1170 672 five
1177 574 1285 663 prodest

144 704 236 770 1451.
273 685 356 748 vobis
361 688 530 768 poterimus,
540 684 773 770 quemadmodum
782 680 963 768 visceraliter
968 694 1173 765 peroptamus.
1196 678 1287 761 ΚΜ,

271 794 306 843 nt
314 784 409 864 prius,
425 782 491 844 licet
503 794 618 843 truncus
633 779 745 845 inutilis
756 780 838 843 vobis
842 779 1001 865 fuerimus
1004 777 1075 864 five
1089 776 1189 857 canis,
1203 786 1288 838 orm

276 876 399 960 euceffius
408 873 572 961 etabufios
558 902 591 941 cn
600 874 647 940 rel
643 879 736 959 igione
746 898 803 939 non
815 877 934 939 multum
944 876 1015 939 dene
1023 876 1140 940 latrare
1150 870 1289 950 mussa,

276 995 336 1037 non
348 974 430 1039 nobis
431 996 515 1062 ,ymo
529 973 709 1039 incommodis
718 977 802 1055 prius
815 972 913 1056 dinis,
929 995 999 1059 qne
1012 966 1294 1055 nebisficrriprerrrt

270 1080 446 1154 omrtespene
458 1087 518 1135 tam
531 1075 611 1138 eires
624 1074 745 1185 corporis
754 1076 838 1159 quim
852 1069 1042 1157 eciamsensus
1056 1072 1180 1154 capitis,
1190 1062 1291 1156 qust-

269 1188 334 1231 mus
347 1167 503 1252 inscributis.
540 1169 595 1235 Ubi
606 1166 827 1254 enimsenec‘ius,
851 1169 911 1232 ibi
899 1169 1083 1250 inpotencia,
1094 1166 1204 1251 nobique
1218 1160 1292 1253 infi-

270 1260 368 1344 mitae,
384 1263 425 1327 ibi
438 1260 607 1351 indispositio
623 1263 665 1327 ad
676 1262 883 1345 procedendum
899 1262 1123 1349 effediualiter
1111 1285 1144 1325 sn
1158 1260 1218 1323 uda
1232 1273 1291 1340 opt·

271 1355 385 1420 racione
397 1357 540 1424 laudabili
540 1362 607 1448 five
619 1355 762 1440 virtuofic.
797 1359 1018 1443 Nichilominus,
1031 1360 1166 1444 fratres,
1177 1352 1293 1443 quoiast·

272 1452 394 1515 nonum
411 1453 544 1519 debilitas
549 1453 708 1541 sustentari
712 1458 822 1534 poterit
831 1470 859 1518 et
860 1456 900 1539 fis
902 1454 980 1536 l,ciri
995 1453 1146 1535 damneris
1156 1471 1231 1515 vero
1242 1452 1291 1515 iu·

270 1542 406 1610 ieciiiitas
420 1552 526 1632 curari,
541 1550 617 1614 vel
605 1574 636 1612 un
649 1564 708 1612 toto
717 1547 902 1664 ‘celsaiteon
890 1573 921 1612 cn
931 1561 1015 1632 parte
1029 1546 1193 1609 alleviari:
1213 1566 1292 1627 roga·
1295 1602 1300 1609 .
1336 1572 1337 1631 ᾗ

271 1644 572 1732 musvosfeatreseffe
583 1648 662 1710 nobis
671 1662 725 1726 pro
738 1646 823 1708 bucul
820 1647 880 1709 oin
889 1646 939 1709 hoc
948 1638 1142 1730 nostrosenio,
1165 1656 1223 1721 pre
1233 1652 1294 1719 atr·
1328 1648 1337 1719 Ιἶ

180 1810 182 1814 Α
272 1738 524 1806 theserioveroin
539 1743 633 1806 morbo
653 1742 744 1826 nostro
756 1739 932 1824 gravifflmo,
956 1753 986 1801 et
1004 1736 1155 1819 volumus,
1167 1751 1226 1817 per
1243 1728 1295 1797 Det'
1336 1742 1337 1751 ’

267 1841 410 1921 graciam,
436 1861 459 1901 cc
467 1859 519 1901 nos
529 1860 639 1921 regere,
662 1834 796 1921 quodnec
809 1829 1295 1915 retrocedetreligioadinfoa,rm

262 1927 422 2012 fidicitudo
436 1931 478 1995 ad
489 1946 587 2016 entra,
610 1956 660 1996 nec
673 1932 773 2018 aliqua
792 1952 838 1993 res
849 1929 923 2012 alia,
944 1950 1008 2015 que
1020 1928 1114 1992 vobis
1126 1924 1294 2009 regulariter

265 2023 395 2108 prodeffe
405 2027 575 2108 poteritau't
589 2027 726 2112 conferre.
771 2021 865 2109 Qod
871 2025 989 2107 prestet
1002 2030 1085 2087 Deus
1100 2022 1148 2085 iile
1158 2019 1294 2103 oropum

270 2130 302 2178 et
313 2136 437 2206 annuat,
457 2127 507 2209 qui
517 2126 639 2208 nostrum
654 2123 819 2206 personam,
833 2120 953 2184 debilem
967 2143 1159 2206 quamquam,
1178 2116 1299 2205 defidtu.

270 2223 302 2273 et
319 2212 505 2299 decrepitam,
524 2213 619 2300 rurfics
632 2231 729 2278 tamen
742 2215 874 2278 revocari
887 2213 930 2277 ad
941 2214 1026 2299 bajus
1039 2212 1294 2298 ecclefiaere'girtm
1332 2256 1337 2279 c

271 2307 308 2372 de
314 2307 518 2394 fiuafingulari
525 2316 625 2394 gracia
639 2328 668 2377 to
668 2313 792 2379 l.erabco
816 2314 943 2402 Qibus
959 2313 1065 2396 diffie,
1076 2312 1225 2378 salutavit
1237 2310 1293 2375 fn*

270 2420 335 2471 tres
348 2425 460 2472 omnes
472 2411 506 2472 in
519 2429 611 2494 pace,
629 2410 812 2492 receffitque
828 2411 866 2474 ad
885 2410 966 2476 suos
978 2409 1134 2493 hospites,
1162 2404 1292 2516 quotde

271 2518 362 2566 more
377 2519 506 2588 propter
524 2505 663 2589 impenso
681 2506 811 2571 honoris
840 2505 989 2591 obsequia
1010 2507 1158 2622 oportuit
1173 2523 1251 2580 eum
1263 2504 1293 2567 in
1335 2557 1337 2564 .

272 2598 576 2667 mensaconvivare.

310 2709 451 2776 Peractis
474 2707 697 2774 installacionis
716 2712 923 2798 sollempniis,
944 2727 977 2775 et
992 2711 1091 2777 finitis
1111 2709 1292 2799 completis·

271 2832 335 2896 que
344 2813 493 2875 omnibus
504 2831 539 2874 ac
550 2811 764 2897 fingulis‚quae
775 2816 979 2897 requiruntur
990 2812 1030 2878 ad
1038 2814 1291 2901 formalempec·

270 2908 449 2973 ieccionem
460 2906 627 2970 abbatialis
640 2905 817 2991 dignitatis,
837 2910 933 2989 coepit
946 2909 1041 2973 abbas
1050 2908 1111 2973 iste
1121 2908 1164 2975 soc
1178 2904 1292 2976 fornn'-
1332 2975 1337 2982 ,

269 3015 321 3067 tus
335 3005 478 3086 primitus
488 3017 521 3065 et
535 3019 609 3067 ante
620 3002 681 3066 alio
690 3003 826 3069 statuere
837 3005 955 3087 jugiter
970 3023 1081 3068 coram
1095 3005 1234 3070 mentali
1245 3003 1288 3066 fc-

271 3099 382 3164 ciesua
392 3099 504 3162 horam
518 3096 619 3179 illem,
641 3099 675 3159 in
685 3119 746 3181 qua
757 3101 823 3181 jam
836 3101 953 3161 iterum
966 3098 1005 3161 ad
1020 3100 1155 3163 vineam
1172 3097 1292 3165 acceffit

271 3194 478 3276 dominicam,
488 3190 721 3277 advertensque
736 3196 864 3276 melius,
879 3214 951 3258 eam
960 3194 1050 3259 fuiffe
1061 3194 1184 3281 lapsam
1199 3197 1293 3278 longe

270 3290 353 3354 ultra
363 3288 542 3370 meridiem,
554 3308 590 3352 nc
601 3290 811 3370 attingentem
822 3308 903 3371 pene
914 3285 1202 3371 usqueuddecline
1212 3305 1293 3353 tem·

270 3407 329 3471 pus
338 3384 557 3469 vesperorum:
572 3383 677 3449 secum
688 3382 816 3467 studuit,
824 3386 858 3447 in
868 3398 1021 3468 quantum
1033 3382 1293 3468 valuit,quomo·
1319 3445 1322 3450 .

269 3480 313 3545 do
327 3497 383 3563 par
394 3499 585 3565 composque
600 3480 690 3543 fieret
700 3481 778 3563 illis,
799 3483 853 3566 qui
875 3494 1083 3564 portaverunt
1093 3480 1221 3566 pondus
1235 3480 1295 3544 diei

271 3592 305 3643 et
318 3578 422 3659 aestus,
444 3580 462 3643 i
477 3598 633 3662 maneque
644 3577 757 3643 affidue
767 3579 861 3661 usque
877 3578 916 3641 ad
927 3577 1001 3642 solis
1014 3578 1166 3643 occasum
1182 3575 1293 3649 et‘abs-

269 3695 332 3759 que
346 3675 410 3741 ulla
419 3674 691 3760 interpolacione
682 3694 715 3737 1n
725 3674 820 3736 vinea
834 3673 970 3738 Domini
984 3673 1189 3742 laboravere.
1227 3675 1292 3739 De·

212 3772 442 3844 scendens
434 3776 531 3856 igitur
544 3774 584 3837 de
598 3772 650 3837 sua
662 3771 821 3854 capellula.
831 3770 926 3854 usque
941 3771 980 3835 ad
995 3770 1129 3836 domum
1144 3773 1293 3858 capituli,

114 3886 221 3943 went
238 3870 378 3939 ntditer
393 3870 461 3934 suos
473 3871 584 3936 fratres
586 3868 789 3953 ,ergaipfius
803 3866 974 3932 adventum
987 3867 1111 3932 ibidem
1127 3873 1294 3954 *congre-

272 3954 376 4048 ¹gatos,
393 3965 664 4049 alloquicoeperat
676 3977 709 4026 et
723 3962 823 4027 afferi.
856 3969 1013 4026 Fratreset
1025 3966 1201 4047 confratres
1233 3972 1304 4048 Ne,

272 4081 333 4120 cum
340 4055 405 4142 fero
427 4059 685 4140 illudpennenerit‚
704 4059 737 4119 in
756 4080 809 4141 quo
827 4055 943 4117 habebit
960 4058 1056 4120 vinea
1071 4063 1222 4125 Dominus
1229 4059 1297 4148 fisos

186 4169 188 4174 ·
266 4155 390 4245 singulos
402 4177 505 4221 vocure
516 4158 671 4239 operarios,
688 4154 862 4239 reddereque
872 4155 912 4221 eis
926 4154 1094 4241 mercedem,
1115 4183 1206 4244 quam
1216 4162 1256 4223 eis
1266 4155 1303 4219 de.

1227 4275 1296 4317 con·
