3000 5075
227 431 303 490 nv
537 411 1170 518 PRAEFATIO.
1384 427 1387 439 '

343 614 455 689 eoque
473 597 613 667 nomine
627 593 669 667 ab
683 594 939 694 archiepiscopo
952 594 1186 668 Cantuarienfi
1199 592 1358 694 cleroque

343 701 552 777 damnatum.
591 708 724 803 Neque
738 722 870 775 tantum
882 703 1093 795 damnatum,
1110 703 1165 776 sed
1181 710 1219 778 dr
1234 701 1362 802 episc'o·

345 833 427 911 patu
443 817 613 910 privatum
634 812 733 888 fuisse
749 814 889 887 constat.
941 809 1070 906 Qalis’
1085 813 1191 888 fuerit
1213 815 1286 887 hnc
1304 813 1363 887 de*

345 925 493 1019 privatio
510 925 705 1019 ambigitur.
735 931 817 999 Nos
829 945 942 996 autem
953 922 1162 1022 Synodicam
1176 920 1366 998 foilleoen·

345 1032 465 1108 semus
508 1043 562 1109 Ita
578 1059 704 1127 tamen,
724 1057 765 1110 ut
787 1033 1088 1136 &archiepiscopi
1105 1037 1264 1136 potestas,
1282 1040 1365 1135 quan

347 1163 447 1218 tenus
462 1146 642 1219 Pontificis
655 1149 807 1218 Romani
821 1152 941 1243 legatus
954 1143 1034 1221 elset
1048 1167 1155 1237 natur,
1168 1170 1237 1218 non
1251 1142 1294 1217 fit
1303 1141 1367 1217 dei·

307 1352 310 1357 Ι
345 1256 525 1347 neganda..
542 1263 570 1346 §.
587 1261 733 1332 XXVII.
786 1258 975 1329 Peacockio
997 1257 1070 1356 post
1090 1248 1371 1356 deprivotionetrl·

346 1367 431 1462 quid
445 1370 655 1459 contigerit?
672 1370 877 1456 §.XXVIIL
912 1371 967 1438 De
982 1385 1094 1439 morte
1103 1363 1290 1439 Peacockii
1301 1382 1367 1434 utu*

291 1556 304 1572 ,
343 1478 418 1548 nias
437 1476 567 1576 aliquas
588 1475 743 1548 conditas
768 1472 879 1565 fuisse,
904 1476 1047 1566 nonest,
1075 1501 1136 1549 cur
1157 1472 1365 1550 censeamus.

343 1589 376 1676 §.
384 1592 514 1662 XXIX.
551 1589 653 1659 Licet
667 1586 894 1662 Wicclevistas
912 1587 1026 1682 primo
1043 1581 1265 1685 oppugnasset
1281 1582 1371 1653 Pesss'.

253 1684 255 1689 ¹
344 1699 508 1790 coelius,
543 1696 683 1770 tandem
714 1719 827 1771 tamen
854 1696 1040 1771 eorundem
1070 1695 1189 1771 fautor.
1216 1693 1363 1769 exstitit.

185 1863 209 1880 .,
345 1812 490 1898 §.XXX
518 1809 646 1899 Multa,
655 1808 698 1881 ad
709 1833 762 1881 res
772 1807 1175 1901 gestasWiccleuistarum
1185 1809 1365 1908 pertinen·
1389 1852 1394 1869 .

345 1922 408 2008 tia,
424 1945 485 1992 nos
499 1920 598 2016 plane
611 1917 730 2009 latent,
748 1918 831 1990 ficut
845 1926 883 1992 &
896 1945 964 1990 non
979 1943 1096 2018 pauca,
1113 1917 1157 1991 ad
1163 1912 1370 2019 perduelles

344 2035 554 2104 recentiores
565 2028 761 2131 spernanda,
778 2055 840 2102 nos
851 2029 974 2103 itidem
988 2034 1195 2123 ignoramus.
1230 2030 1366 2122 Quem&

343 2139 529 2215 admodum
541 2143 625 2210 item
635 2136 832 2236 quamplura
841 2135 887 2208 de
896 2136 1100 2211 Carololnw.
1111 2134 1365 2210 historicaodeo
1395 2158 1399 2167 “

343 2251 419 2324 sunt
442 2250 650 2351 perturbata,
676 2270 714 2322 ut
736 2276 805 2321 non
822 2249 924 2321 aliter
942 2275 1045 2349 quam
1067 2236 1232 2331 escriniis
1250 2250 1365 2323 homi·

340 2384 423 2433 num
442 2353 658 2433 curiosorum
682 2355 746 2429 fint
761 2350 988 2429 elucidanda
1002 2363 1029 2443 §.
1045 2362 1178 2434 XXXI.
1207 2393 1212 2403 ¹
1230 2363 1367 2431 Dotno⁸¹

343 2494 420 2542 tuns
437 2465 671 2560 religiosarum
688 2464 802 2539 clades
824 2471 844 2538 l
864 2462 1095 2540 seditionibus
1116 2490 1280 2559 regnante
1298 2469 1365 2543 Rl-
1401 2483 1405 2565 j

342 2577 446 2651 cardo
458 2577 535 2652 11⁶⁰.
557 2581 706 2676 primum
722 2573 889 2648 emanasse
905 2574 1053 2648 videtur.
1094 2574 1198 2648 Unde
1219 2584 1257 2648 &
1276 2576 1368 2647 veti·⁸

341 2686 450 2769 limile
466 2689 526 2779 est,
547 2691 703 2760 Henriro
716 2689 815 2759 vul.
839 2689 1001 2778 regnante
1023 2683 1207 2757 domorum
1224 2683 1364 2777 religio·

342 2797 452 2872 sarum
468 2797 692 2870 destruentes
708 2821 779 2869 non
793 2796 878 2869 alios
888 2819 1038 2895 'quoque
1057 2796 1165 2895 atque
1176 2796 1374 2872 wieder!-

342 2912 407 2985 slas
423 2910 533 2986 fusile.
570 2917 615 2985 At
629 2912 816 2983 domorum
833 2909 1063 3003 religiosarum
1077 2911 1216 2983 historia
1227 2932 1366 2985 astuta·

342 3043 379 3095 tu
394 3046 433 3095 ar
449 3021 548 3121 plena
560 3046 667 3117 quum
685 3020 784 3094 nobis
799 3018 1022 3110 desideretur,
1038 3046 1108 3093 non
1119 3017 1223 3093 ‘aliter
1239 3018 1366 3120 utique

251 3137 253 3144 ’
342 3144 446 3231 quem
476 3130 680 3221 &Registris
700 3132 906 3229 potissimum
927 3134 1067 3207 vetustis
1093 3132 1279 3225 confignari
1300 3132 1367 3210 de·

190 3314 192 3318 ,
230 3312 233 3316 .
341 3240 412 3314 bet.
445 3237 619 3315 Lelandus
629 3238 741 3311 noster
755 3238 799 3311 ad
813 3238 916 3314 fidem
925 3242 1363 3340 JoannisWhetbamlledli

340 3349 552 3423 emendatur.
582 3353 610 3438 §.
622 3352 772 3424 XXXII.
813 3352 975 3423 Lediores
989 3346 1261 3423 mendaciissuis
1275 3354 1369 3423 mire.

334 3457 466 3532 fefellit
484 3457 619 3548 baleus,
643 3456 790 3557 scriptor
807 3460 1088 3542 contumeliosus.
1123 3468 1144 3534 a
1166 3456 1372 3557 cujusmodi-

343 3565 562 3640 contutneliis
579 3588 690 3662 neque
706 3565 812 3643 etiam
834 3565 894 3640 alii
912 3564 1046 3663 aliquot
1069 3565 1265 3665 scriptores,
1286 3593 1362 3644 nro·

340 3679 459 3753 nacbis
481 3678 627 3766 inimici,
650 3673 892 3748 abstinuerunt.
920 3680 1125 3764 §.XXXlll
1176 3682 1222 3752 Et
1244 3696 1362 3754 tannen

339 3791 447 3863 bonas
457 3790 555 3861 horas
564 3792 697 3886 optime
712 3783 891 3864 collocasse
905 3788 1092 3863 monachos
1102 3791 1264 3863 testantur
1276 3802 1369 3885 opti

339 3928 388 3975 ra.
418 3897 609 3974 Assumenta
624 3902 660 3971 in
674 3898 918 3974 monachorum
934 3898 1096 3996 operibus
1110 3898 1254 3973 subinde
1265 3915 1361 3975 coln-

338 4033 470 4109 parent,
488 4009 530 4083 ab
543 4006 691 4105 ipsorum
705 4005 883 4082 sententiis
899 4006 1122 4107 moribusque
1134 4011 1256 4083 aliena.
1284 4011 1360 4083 Sic·

338 4125 391 4196 uti
408 4129 445 4197 &
462 4123 498 4193 in
511 4120 654 4219 Julianae
670 4122 776 4194 etiam
791 4116 955 4195 Barnefiae
973 4144 1078 4220 opere
1098 4120 1221 4217 insigni
1236 4120 1281 4193 de
1299 4147 1360 4195 an-

1256 4254 1360 4327 cupa·
