3000 5075
215 523 271 607 46
483 503 748 591 Warrnrtr
787 508 1167 593 Huraruonono·

180 668 222 735 A.
238 670 283 735 D.
314 656 443 733 irruere
457 656 645 754 voluissent,
660 665 848 763 pecierunt
863 656 998 734 Picardi
1015 656 1177 733 inducias
1198 653 1308 765 tridua·

187 766 277 835 ¹²93·
314 766 376 860 les,
392 791 431 842 ut
445 770 541 843 milio
558 777 705 846 Nuncio
720 771 935 866 Burdegaliu,
958 768 983 842 fi
1001 772 1036 843 in
1050 794 1172 842 eorum
1186 794 1255 842 non
1269 792 1311 843 vu

314 880 428 952 nitent
446 879 624 972 auxilium,
652 878 685 955 se
712 882 821 956 statim
846 880 1027 955 redderent
1049 877 1181 977 absque
1207 878 1311 954 dubio.
1382 834 1399 929 l*

313 984 420 1061 Miiio
436 993 540 1083 igitur
555 1016 672 1091 puero,
695 991 905 1085 remandavit
922 996 972 1066 eis
988 990 1314 1067 constabularius&
1383 965 1399 1014 l

312 1098 464 1175 Burdeus
479 1124 516 1174 et
527 1100 747 1177 Mareseallus
765 1106 924 1194 Franciae,
950 1102 1048 1203 quod
1063 1105 1114 1175 ita
1132 1098 1315 1177 festinanter

312 1213 429 1282 venire
442 1237 508 1283 non
522 1234 689 1312 poterant.
729 1218 840 1287 Immo
854 1209 887 1286 se
903 1208 1146 1301 defenderent,
1166 1229 1207 1283 et
1219 1210 1315 1286 virili·

310 1341 364 1393 ter
377 1318 575 1415 resisterent,
592 1326 759 1423 praecipue
771 1351 849 1399 eum
862 1323 1023 1397 haberent
1036 1320 1213 1413 vincunta,
1227 1336 1263 1396 α’
1273 1344 1316 1396 ee-
1387 1389 1391 1410 ,

310 1455 385 1508 tera
401 1461 475 1534 quae
492 1436 680 1529 neceilatia,
707 1464 770 1538 pro
789 1464 942 1540 tempore
964 1436 1126 1513 semestri.
1170 1437 1257 1531 Qu
1270 1460 1317 1511 au·
1352 1482 1355 1491 ·
1394 1503 1399 1520 .

310 1540 401 1635 dito,
426 1545 536 1621 statim
559 1547 727 1623 dederunt
748 1552 794 1639 se,
818 1549 916 1625 salvis
931 1547 994 1622 fibi
1010 1550 1080 1622 uita
1095 1565 1135 1619 et
1150 1546 1318 1645 membris

311 1657 410 1752 equis
428 1678 462 1727 et
479 1661 592 1751 armis,
618 1681 654 1732 et
670 1658 825 1734 abierunt
848 1664 885 1734 in
903 1682 995 1758 pace.
1045 1656 1124 1730 Post
1140 1654 1220 1729 dies
1235 1656 1317 1751 ouo,

312 1765 433 1838 reversi
450 1763 526 1840 sunt
542 1768 644 1841 nostri
660 1768 704 1841 ad
715 1767 850 1842 Urbem
866 1766 910 1840 de
923 1765 1077 1861 Blaynes,
1095 1789 1176 1862 quaa
1191 1762 1316 1840 distati

308 1878 424 1966 Burgo
437 1901 495 1972 pet
509 1876 592 1951 duas
609 1877 734 1969 leucas,
759 1898 795 1951 et
814 1874 934 1949 fimiles
951 1870 1043 1973 quali
1059 1892 1198 1964 treugas
1212 1872 1324 1970 potin.

310 2005 390 2058 runt
402 1988 588 2060 Castrenies
604 2008 639 2059 et
655 1986 857 2080 habueruut,
871 1985 930 2060 sed
942 1984 1037 2059 nullo
1049 1985 1215 2058 veniente
1229 1986 1315 2059 auxi·

310 2093 373 2187 lio,
394 2096 561 2171 dederunt
578 2095 611 2170 se
624 2119 660 2170 er
675 2097 842 2186 abierunt,
863 2100 1137 2192 inveneruntque
1153 2095 1258 2169 nostri
1272 2096 1314 2170 ri·
1395 2108 1399 2118 '

311 2206 432 2280 dualia
450 2209 556 2282 multa
570 2213 605 2282 in
620 2208 716 2283 Urbe
731 2232 768 2283 et
778 2215 814 2283 in
828 2210 958 2300 Castro,
974 2227 1009 2279 et
1021 2206 1119 2280 dolia
1136 2211 1212 2282 vini
1226 2211 1315 2285 circi·

311 2335 364 2388 ter
378 2323 518 2391 nnuc,
550 2318 803 2393 Constituerunt
816 2320 916 2391 nostri
928 2318 999 2416 post
1010 2315 1085 2389 dies
1098 2316 1243 2421 aliquot
1254 2320 1313 2395 Cn·
1327 2356 1330 2361 ·

310 2425 420 2502 stodes
434 2427 565 2499 istarum
577 2427 722 2501 Urbium
736 2428 984 2502 fortiilrmarum
998 2430 1191 2503 Dominum
1207 2434 1314 2525 Roge-
1355 2504 1357 2509 .

257 2639 260 2646 Ι
310 2567 384 2615 rum
401 2542 445 2615 de
462 2546 646 2616 Mortimer
671 2567 706 2618 et
723 2546 914 2618 Dominum
936 2541 1153 2615 Richardum
1170 2543 1218 2619 de
1238 2551 1331 2646 boys·
1356 2563 1358 2570 '

308 2681 386 2732 cum
400 2656 526 2754 populo
537 2677 634 2729 terrae
650 2657 797 2749 ¹multae,
815 2677 851 2732 et
864 2653 1008 2756 profeiii
1026 2654 1102 2730 sunt
1115 2655 1229 2758 usque
1241 2665 1313 2735 Bur·
1395 2645 1399 2676 ¹

307 2771 410 2859 dews,
427 2796 503 2870 quae
518 2771 616 2845 distat
629 2798 689 2870 per
702 2775 856 2871 quinque
869 2770 994 2862 leucas,
1007 2768 1313 2871 manseruntquein

306 2881 460 2981 opposito
480 2885 638 2957 Civitatis
653 2884 745 2958 illius
762 2888 799 2956 in
820 2884 959 2955 flumine
975 2881 1140 2956 Gerunde
1157 2910 1219 2982 per
1235 2885 1310 2961 duos

242 3025 246 3032 ·
306 2992 395 3078 dies,
410 3011 445 3061 et
456 2990 574 3063 emiffis
591 2992 671 3064 binc
687 3013 722 3065 et
736 2991 818 3065 inde
831 2991 910 3065 telis
924 2993 1078 3087 cumjam
1093 2995 1312 3093 nonprofice·
1350 2985 1354 2998 ¹

306 3123 393 3192 rent,
410 3125 471 3172 nec
487 3095 521 3172 se
536 3100 636 3174 Cives
649 3100 730 3175 dare
745 3101 884 3191 vellent,
895 3098 1114 3175 ascenderunt
1127 3109 1166 3178 in
1182 3105 1310 3177 flumine

306 3206 412 3308 usque
426 3215 555 3307 Lyons,
570 3209 628 3283 ubi
645 3214 816 3283 Dominus
829 3209 896 3281 loci
912 3208 1006 3283 illius
1022 3233 1199 3302 gratanter
1213 3211 1247 3288 se
1260 3211 1310 3284 de·
1394 3198 1399 3234 ⁸

306 3318 361 3404 dir
376 3320 436 3404 eis,
453 3341 531 3389 cum
548 3336 622 3389 tota
634 3318 728 3394 Villa
740 3338 775 3389 et
788 3317 919 3409 Castro,
936 3337 972 3388 et
988 3337 1070 3392 tuuc
1086 3325 1203 3418 primo
1220 3320 1310 3395 nostri

171 3437 177 3458 ”
304 3448 519 3516 extraxerunt
536 3436 674 3528 equosi
687 3428 841 3520 navibus,
859 3453 937 3500 rum
944 3428 1016 3526 jam
1028 3432 1064 3501 in
1080 3437 1168 3505 mari
1185 3427 1309 3508 maufil-
1381 3420 1399 3468 ¹¹

305 3542 380 3632 sent
393 3564 453 3642 per
472 3545 573 3616 XVII
592 3538 805 3614 Ebdornadas
821 3561 857 3613 et
875 3538 1010 3638 aliquus
1034 3539 1120 3615 dies.
1162 3541 1309 3617 Tandem
1381 3503 1399 3576 l

289 3675 386 3744 'vero
405 3651 603 3726 refocillatis
619 3649 811 3727 bominibus
823 3670 858 3721 et
871 3652 983 3750 equis,
998 3647 1189 3725 diviserunt
1204 3653 1240 3727 se
1256 3680 1307 3728 no·

303 3763 361 3859 {iri
383 3762 475 3867 quafi
492 3767 527 3838 in
544 3764 626 3840 duas
643 3765 763 3867 partes.
802 3760 1119 3863 Remanleruntque
1135 3768 1174 3839 in
1196 3765 1307 3840 eodem
1381 3724 1399 3795 F

304 3876 398 3969 loeo,
415 3896 454 3950 ut
469 3875 630 3975 populum
647 3897 744 3948 terrae
759 3871 819 3946 fibi
836 3872 1125 3965 'attraherentur,
1147 3880 1306 3954 Dominus
1381 3858 1399 3906 l

301 3989 473 4089 Jobannes
492 3988 536 4060 de
556 3990 730 4061 Britannia
746 4008 783 4058 et
797 3990 965 4061 Dominus
986 3992 1042 4064 W.
1056 3994 1224 4085 Latymer
1238 4007 1306 4065 cnm
1383 4090 1399 4106 .

207 4203 211 4208 ·
344 4194 359 4239 1
382 4181 423 4237 L.
436 4174 553 4255 multo,
573 4194 633 4235 cum
650 4165 711 4236 Tr.-
739 4195 760 4236 2
780 4174 878 4235 Potius
893 4172 1100 4256 attraherent,
1124 4193 1187 4238 cum
1201 4179 1249 4239 ri.
1259 4190 1304 4257 qur

303 4264 481 4348 modoetiam
492 4262 747 4361 in'O..errrendavit
758 4266 795 4330 cl.
807 4265 1013 4353 utilimum.
1180 4335 1293 4421 ccc&
