3000 5075
177 493 272 549 cxlv
334 520 338 529 ·

494 464 1142 571 PRAEFATIO.

188 636 193 645 ⁵
307 647 409 730 tibus
425 647 562 730 nostris
579 635 758 749 eruditis,
775 662 834 746 ut,
852 641 946 727 dum
967 671 1066 752 opus
1080 641 1159 729 hoc
1174 666 1327 731 exercet

305 771 455 881 prelum
484 769 806 875 Sheldonianum,
834 769 1008 851 breviter
1031 767 1073 849 in
1100 765 1258 875 litteris,
1282 769 1330 855 ad

311 924 384 978 nos
401 897 517 999 datis,
541 896 591 979 de
609 898 814 1008 aginatore
832 894 1133 985 Swallhamiano
1153 892 1330 981 disserue-

307 1024 400 1107 rit¹.
447 1024 636 1103 Ceterum
657 1047 707 1103 ex
722 1016 1331 1133 epistolaLloydianallludpro·

269 1204 274 1213 x
306 1153 417 1241 seclo
445 1144 790 1231 manifestissimum
819 1146 909 1249 erit,
936 1148 1090 1228 Ducem
1120 1152 1330 1235 Monemu·

304 1273 498 1380 rhensem,
526 1273 774 1383 quantumvis
797 1270 848 1354 ab
864 1296 909 1352 re
927 1269 1063 1353 uxoria
1079 1296 1165 1353 non
1190 1272 1331 1365 abhor.

305 1424 473 1508 rentem,
503 1402 700 1486 amoribus
714 1421 851 1505 tamen
866 1399 1095 1484 meretriciis
1119 1392 1330 1493 vehemen-

306 1530 444 1616 tillime
460 1525 568 1611 suiffe
589 1528 842 1631 deledlatum‚
867 1527 1053 1636 uxorique
1075 1526 1245 1635 proinde
1260 1531 1330 1615 mi·

288 1689 376 1766 nus
394 1654 504 1741 fuiffe
523 1655 691 1738 fidelem.
746 1659 802 1738 At
819 1681 917 1738 vero
933 1655 1167 1763 neutiquam
1182 1655 1328 1741 miran-

303 1781 410 1883 dum,
438 1777 748 1863 adolescentulas
766 1779 931 1888 aliquot,
958 1776 1104 1888 alioqui
1125 1778 1260 1863 forma
1289 1790 1329 1865 ὅτ

302 1903 416 2003 uultu
432 1901 533 1985 adeo
549 1901 743 2004 modesto,
771 1901 874 1985 adeo
889 1901 1067 2007 venusto,
1088 1920 1133 1984 ut
1152 1902 1252 1987 nihil
1268 1904 1328 1990 su·

303 2054 387 2135 pra,
415 2024 537 2135 ipsum
565 2024 844 2110 incredibiliter
870 2024 1072 2134 deperiisse
1098 2028 1275 2140 (quippe,
1301 2029 1327 2115 fi

305 2152 446 2234 faciem
463 2149 626 2254 vidisses,
640 2149 855 2261 principem
869 2149 978 2233 fuiffe
992 2153 1190 2260 quantivis
1205 2155 1326 2264 ‚pretii

299 2272 471 2387 jurasses)
498 2272 625 2380 deque
643 2270 756 2379 ipfius
779 2268 1065 2380 pulchritudine
1081 2275 1229 2387 eximia
1245 2277 1327 2387 pas·

306 2403 372 2486 fim
396 2402 544 2483 locutas
561 2397 662 2515 elle„
679 2426 798 2507 quum
818 2398 1065 2509 simulatque
1093 2426 1142 2484 ex
1163 2400 1325 2512 ephebis

304 2530 513 2616 exceffillet
526 2527 928 2640 Dux-speciosrffimus,
943 2557 1018 2640 pro
1031 2531 1182 2618 deliciis
1196 2538 1325 2649 gentis

303 2657 537 2744 Britannicae'
560 2655 785 2761 haberetur,
815 2655 865 2736 nb
892 2655 1152 2768 omnibusque
1183 2662 1328 2748 artium

300 2779 546 2895 popularium
573 2776 746 2862 studiosis
772 2779 986 2885 coleretur„
1005 2780 1118 2889 quod·
1141 2784 1262 2893 plane
1283 2789 1323 2874 in

301 2910 416 3018 ipsius
441 2902 583 2988 cecidit
607 2903 834 3011 perniciem,
861 2904 1006 3013 quippe
1023 2906 1091 3013 qui
1106 2935 1249 2995 omnes
1264 2939 1322 2998 ru·

303 3058 456 3116 morum
480 3027 778 3113 &concionum
803 3048 944 3112 ventos
969 3028 1109 3112 exinde
1134 3035 1322 3149 colligere

284 3150 532 3254 consuesset,
541 3148 772 3261 illorumque
792 3150 985 3258 ξιῑῐῑΡῙθᾶῘ-
1001 3152 1231 3264 amicitiam,
1257 3164 1321 3271 ‘lui

143 3313 147 3324 ¹
301 3280 438 3391 Regiae
454 3277 652 3384 Maiestati
670 3273 822 3359 infidias
835 3275 1063 3380 struxilsent‚
1086 3278 1238 3390 ipsique
1256 3288 1326 3372 tri.

297 3402 408 3506 buta,
446 3399 663 3510 vesligalia,
695 3400 950 3508 portoriaque
980 3402 1099 3484 etiam
1132 3405 1354 3496 solvenda·

297 3529 375 3610 elle
404 3546 699 3637 pernegarentz‘
726 3523 941 3634 cujusmodi
963 3526 1139 3612 redditus
1162 3561 1249 3618 non
1273 3537 1322 3621 ad

298 3652 420 3759 ipsam
444 3649 611 3760 Regiam
630 3647 893 3756 Majestatem,
916 3647 984 3731 sed
1001 3648 1049 3731 ad
1062 3654 1220 3739 Ducem
1241 3659 1321 3743 for·

146 3851 149 3858 A
297 3776 546 3862 mofiffimum
563 3778 706 3856 reuera
721 3774 933 3881 pertinere,
950 3778 1114 3882 perinde
1129 3809 1176 3864 ac
1189 3782 1219 3866 fi
1231 3789 1323 3882 Rex,

297 3900 380 4007 ipse
394 3908 431 4008 (a
442 3930 524 4011 quo
541 3899 771 4004 desciverat,
790 3912 827 3987 ἃ
840 3900 880 3979 in
893 3924 1009 4008 quem
1026 3902 1319 4014 conspiraverat

297 4029 405 4135 Dux)
420 4026 516 4109 nihil
528 4025 577 4108 ad
588 4048 776 4110 coronam
789 4023 880 4132 juris
891 4021 1069 4132 haberet,
1080 4033 1318 4138 prodebant.

597 4238 610 4281 1
634 4216 705 4283 Vide
720 4215 855 4299 append.
872 4216 1007 4285 mxlv.
1033 4241 1040 4257 “
1232 4307 1279 4390 N

1223 4360 1231 4370 ,
1279 4330 1317 4388 e.
