3000 5075
351 486 1102 593 P‘RAEFAT10.··
1226 514 1303 571 XLV

163 661 218 745 let
240 658 589 749 Testamentorum
618 667 756 773 editio,
788 669 1116 779 quemadmodum
1139 680 1180 756 &

162 818 299 874 manca
316 819 478 902 quoque
492 789 621 875 fuiffet
639 793 719 875 fine
736 797 1017 888 Dillertatione
1036 796 1086 879 de
1102 801 1184 881 Ta*

107 938 109 993 ε
161 917 256 1000 bulis
271 919 382 1023 coeli,
403 919 606 1002 abeodem
624 919 763 1005 itidem
778 925 864 1006 viro
877 922 1115 1035 confignata.

208 1057 241 1139 §.
257 1055 378 1137 XlX.
407 1049 585 1138 Vidimus
610 1049 796 1134 hauenus
815 1051 865 1133 de
889 1053 1181 1164 Hemingfordii
1287 1079 1292 1088 ·

159 1177 345 1281 operibus
371 1179 645 1286 (anonymique
659 1178 776 1258 etiam
794 1204 915 1286 opere
932 1178 982 1259 de
997 1178 1182 1265 Eduardo

158 1299 284 1411 111‘502)
295 1316 391 1414 ‘quae
405 1331 506 1386 nunc
522 1304 688 1412 primum
704 1303 860 1411 publico
873 1303 1018 1385 damus.
1059 1306 1211 1390 Nuncr

157 1425 203 1508 de
222 1429 325 1512 locis
351 1430 504 1540 aliquot
533 1428 635 1537 apud
659 1427 1003 1541 Hemingfordium
1030 1457 1178 1534 anonya
1316 1424 1323 1447 ’

119 1605 120 1609 ¹
158 1579 350 1666 mumque
369 1555 477 1637 illum
503 1554 779 1662 dispiciendum
804 1556 911 1659 effet,
940 1554 1111 1639 simodo
1136 1560 1177 1645 in

157 1680 295 1762 animo
314 1680 411 1762 efl'et
436 1679 719 1762 differtationes
741 1680 1062 1764 curioso-criticas
1084 1709 1178 1765 con·

157 1824 305 1888 texere.
349 1804 426 1889 Sed
447 1807 526 1888 hoc
547 1833 664 1918 agere
689 1807 739 1888 ab
760 1806 935 1890 instituto
953 1811 1086 1891 nostro
1111 1814 1177 1894 ab·

157 1927 309 2014 horret.
351 1932 548 2045 Siquidem
565 1932 727 2016 editoris
748 1934 1024 2019 tantummodo
1041 1964 1175 2022 mune·

157 2081 195 2138 re
210 2055 432 2169 fungimur,
450 2087 530 2141 non
547 2060 641 2140 item
661 2058 711 2140 de
725 2059 819 2140 locis
838 2059 987 2141 feretris
1007 2061 1176 2148 differta·

155 2184 265 2271 toris.
323 2183 434 2294 Qid
456 2184 595 2268 mirum
616 2185 737 2295 igitur
761 2184 788 2267 fi
810 2185 957 2288 dixero,
986 2215 1058 2270 nos
1079 2189 1175 2301 ejus-

156 2306 264 2389 modi
280 2308 371 2390 loca
387 2311 507 2419 opera
521 2305 819 2390 deditaintaeta
833 2305 1076 2415 relinquere?
1111 2314 1176 2390 In·

156 2432 270 2514 terim
284 2420 424 2515 tamen
437 2460 519 2514 non
535 2431 682 2543 poliunt
698 2459 780 2513 non
794 2429 1012 2533 observare,
1033 2431 1072 2512 in
1086 2460 1173 2543 gra·
1318 2517 1322 2535 ‚

156 2558 252 2642 tiam
268 2559 328 2642 rei
347 2560 572 2642 nummaria
587 2556 858 2662 studiosorum,
877 2557 1173 2669 monatamfhlsffi

156 2701 228 2765 tam
241 2681 349 2794 apud
364 2683 707 2797 Hemingfordium
727 2682 958 2765 tantundem
973 2683 1100 2765 valere
1116 2707 1174 2769 at·

156 2832 231 2914 que
247 2828 422 2894 monetam
437 2829 647 2921 conopeum,
677 2804 763 2915 ipso
781 2806 900 2889 etiam
918 2810 1176 2924 Hemingfora

156 2929 225 3013 dio
240 2931 470 3041 interprete.
512 2933 634 3049 Qod
652 2930 818 3041 proinde
836 2932 886 3014 de
898 2936 1060 3017 materia
1075 2937 1176 3049 ejusd
1293 3038 1295 3042 ,

156 3053 244 3139 dem
266 3058 566 3170 intelligendum
586 3059 654 3143 est.
701 3056 815 3140 Adeo
832 3078 877 3139 ut
898 3058 938 3141 id
958 3087 1079 3170 genus
1100 3092 1173 3147 mo·

155 3199 237 3262 neta
257 3199 422 3295 corrupta
444 3180 591 3266 diversa
609 3182 728 3266 fuerit
753 3187 777 3265 a
797 3204 930 3265 namra
947 3188 1093 3293 retunsa,
1121 3191 1175 3273 de

154 3330 227 3414 qua
241 3306 334 3389 alibi
352 3307 534 3417 loquitur.
579 3308 688 3390 Talis
703 3328 863 3389 moneta
877 3309 1174 3422 digniffinaest,

154 3430 296 3541 quain
320 3433 558 3518 curiosorum
576 3436 825 3518 conservetur
848 3436 1004 3520 scriniis.
1051 3441 1177 3523 Certe:

153 3543 334 3642 numnius
353 3558 457 3667 apud
479 3587 542 3643 me
565 3563 622 3643 est
636 3561 798 3644 Henrici
820 3561 923 3642 ma,
947 3559 1178 3672 subaeratus,¹

131 3708 267 3791 ‘quem
286 3686 315 3765 ὸ·
328 3683 496 3767 nummis
520 3682 749 3766 adulterinis
769 3681 845 3766 elle
868 3710 987 3766 nemo
1005 3681 1175 3796 negavess

152 3805 217 3918 rit,
239 3806 560 3915 utpoteperinde
579 3829 805 3915 corruptum
824 3836 868 3891 ac
888 3808 1025 3890 lreffet
1042 3810 1103 3891 vel
1118 3838 1170 3893 ae-

107 3919 113 3940 ’
150 3956 249 4037 reue,
265 3932 464 4014 ueletiam
478 3931 637 4016 ferreus.
676 3934 778 4022 Mihi
794 3933 903 4016 dono
916 3931 1026 4014 dedit
1040 3937 1179 4017 Geor·'

107 4093 109 4098 ·
152 4052 233 4159 gius
248 4052 453 4141 Ballatdus
467 4052 532 4161 (de
545 4054 806 4162 Cumpoduno
825 4056 865 4139 in
881 4083 978 4167 agro
992 4054 1180 4141 ¹Glouce·¹

152 4174 329 4286 striculi-l
349 4177 597 4288 antiquitatis
620 4175 808 4262 studiosus
837 4178 1061 4268 admirator.
1115 4190 1177 4269 Et·-
1286 4276 1289 4283 ,

491 4337 495 4344 ·
1087 4297 1167 4385 sor·

107 291 122 495 l
