3000 5075
203 498 256 591 84
424 552 428 558 .
478 476 1150 565 wltrrmrrrnrncrotn

176 655 220 723 A.
239 654 283 719 D.
312 666 414 739 quam
431 640 594 714 auxilium
613 638 674 711 srbi
691 634 781 708 ferre
799 651 973 723 negarent,
998 625 1112 697 hostes
1127 641 1240 693 tamen
1256 613 1315 689 suot

179 754 276 817 ¹1²95·
313 748 461 821 Francos
488 749 540 819 vel
566 741 786 819 Flandrenses
806 765 876 812 non
899 733 1127 806 admitterent
1153 729 1189 799 in
1209 736 1317 795 tetram

315 852 420 946 luam,
440 877 475 927 et
491 855 515 927 st
534 860 568 928 in
585 854 654 927 fide
671 851 726 925 sua
745 873 881 922 manere
895 844 1037 929 vellent,
1062 842 1131 913 tria
1145 835 1255 909 castra
1268 854 1318 901 no·

316 971 457 1059 minata,
471 964 602 1040 scilicet
612 965 790 1060 Berewyk,
804 949 1086 1047 Rokesburgh‘et
1098 940 1320 1034 Edensburgb‘

315 1071 377 1147 fibi
395 1098 430 1148 et
445 1074 522 1163 suis,
540 1073 658 1148 saltem
671 1072 776 1170 usque
794 1070 951 1143 adfinem
966 1088 1110 1158 guettae,
1126 1058 1219 1149 Regi
1233 1056 1321 1125 Frrn-
1350 1132 1355 1141 ¹

321 1189 382 1259 eiae
398 1187 589 1276 retinenda,
606 1185 797 1257 liberarent.
826 1179 935 1273 Qod
952 1176 1094 1276 quidem
1109 1172 1270 1247 ultimum
1283 1159 1323 1233 ft·

320 1313 399 1362 cere
416 1294 701 1394 contempserunt,
726 1292 769 1365 ad
783 1295 928 1392 primum
941 1279 1196 1383 respondendo,
1220 1271 1324 1343 dicen·

322 1422 388 1492 tes,
407 1423 492 1478 terra
507 1409 602 1501 nostra
618 1411 711 1481 libera
724 1407 774 1500 est,
792 1426 822 1478 et
836 1406 874 1475 ab
888 1406 968 1475 omni
983 1400 1133 1494 servitute
1151 1393 1269 1486 quien,
1282 1404 1326 1453 rec

291 1604 297 1615 ¹
319 1537 464 1610 precepto
474 1522 570 1613 Regis
585 1525 700 1615 Anglia
706 1520 845 1612 fatemur
858 1524 891 1590 in
907 1520 1008 1607 aliquo
1025 1536 1077 1582 nos
1099 1505 1242 1602 astrictos.
1277 1500 1327 1571 lu·
1372 1592 1373 1601 ἵ

329 1651 375 1698 mo
390 1628 585 1702 Mercatores
596 1637 722 1704 Francos
741 1635 788 1703 tel
802 1626 1004 1719 flandrenses,
1017 1619 1074 1713 seu
1093 1620 1172 1687 alios
1184 1613 1328 1685 nnete

329 1762 386 1831 que
402 1745 563 1828 venientes,
590 1740 698 1834 absque
711 1744 775 1815 ulla
785 1738 979 1834 personatum
994 1729 1181 1825 distinctione
1198 1721 1330 1792 almita-

330 1877 398 1923 mus
415 1857 456 1925 ad
470 1875 579 1927 votum.
623 1853 755 1927 Eodem
770 1850 859 1949 quali
877 1869 1030 1945 tempore
1047 1840 1330 1913 erantMercato·

327 1986 382 2035 res
396 1964 528 2055 Angliei
545 1967 582 2037 in
599 1967 705 2038 Portu
720 1964 765 2036 de
782 1960 963 2057 Berewylt,
983 1978 1067 2053 quos
1085 1939 1331 2047 apprehenden-

328 2093 380 2144 tes
393 2075 487 2146 Stoti
504 2078 539 2147 in
552 2073 666 2147 furore
684 2073 758 2167 suo,
780 2072 943 2174 quosdam
954 2065 1168 2149 ceciderunt,
1183 2048 1332 2157 quoldum

332 2207 414 2254 vero
430 2184 730 2277 detruncaverunt,
746 2208 783 2259 et
801 2210 918 2256 eorum
932 2175 1095 2278 quosdam
1113 2170 1217 2268 plena
1234 2179 1332 2237 morte

332 2304 571 2391 peremerunt3
597 2295 808 2389 fugientibus
830 2316 943 2369 tamen
969 2286 1154 2384 aliquibus,
1178 2283 1241 2377 qui
1258 2272 1334 2364 Regi

334 2403 447 2472 nostro
467 2407 684 2477 ¹nunciarent
706 2410 820 2478 omnia
841 2401 942 2476 verba
965 2400 1045 2470 baec.
1089 2395 1180 2487 Qae
1197 2414 1274 2459 cum
1289 2410 1336 2455 au·

336 2511 439 2584 dillet
453 2514 541 2602 Reae,
560 2513 762 2615 ultraquam
777 2514 870 2590 credi
880 2511 989 2611 potest
1004 2505 1210 2590 ’admirans,
1225 2501 1285 2588 ait,
1295 2498 1335 2582 ol

337 2642 455 2712 quanta
467 2629 625 2715 nequicia!
652 2632 702 2698 Οἱ
713 2649 829 2720 quanta
835 2624 962 2720 sedicio!
981 2626 1203 2717 quisumquam
1219 2613 1339 2683 credent

339 2736 438 2803 talia?
465 2738 555 2805 Certe
568 2743 712 2829 corrtpleta
730 2740 769 2831 esi
775 2744 844 2826 jam
857 2763 956 2808 etrum
966 2735 1102 2816 malicia,
1116 2752 1172 2798 nec
1185 2724 1225 2819 esl
1239 2720 1258 2793 i
1272 2719 1339 2792 nolit

337 2843 463 2913 ulterius
476 2851 697 2933 expellendum.
725 2855 884 2944 Moxque
898 2874 939 2917 ex
954 2844 1067 2916 editio
1079 2838 1245 2936 ptaetepit
1255 2853 1339 2903 voca·

340 2950 371 3018 ti
390 2953 521 3040 Regem
536 2955 728 3048 Scotorum,
740 2956 837 3058 super
849 2956 975 3030 auditis
992 2948 1188 3046 hujusmodi
1202 2946 1245 3017 ad
1261 2944 1340 3014 diem

248 3139 251 3144 Δ
342 3079 472 3133 certum
493 3060 737 3162 responsurum.
782 3071 854 3162 Qi
871 3083 947 3139 cum
964 3060 1010 3164 ati
1023 3060 1117 3130 diem
1136 3053 1342 3160 non‘venitet

346 3194 458 3274 neque
474 3177 639 3267 mitteret,
660 3186 819 3276 precepit
846 3184 934 3266 Rex,
960 3197 1000 3247 ut
1018 3163 1145 3242 omnes'
1159 3190 1259 3239 terrae
1279 3159 1341 3262 lua,

346 3307 428 3377 quas
445 3288 481 3356 in
495 3289 746 3381 Angliatenuit,
763 3292 972 3387 sayfirentur.
1006 3284 1101 3385 quod
1113 3303 1148 3353 et
1163 3274 1341 3353 faoiumest.

347 3401 564 3496 ³Itetumque
587 3409 663 3476 Rex
692 3411 906 3480 comunicato
930 3432 1011 3479 curn¹
1039 3397 1104 3480 suis
1131 3389 1342 3494 optimatibus

347 3508 414 3626 suis
432 3509 582 3601 confilio,
600 3520 731 3589 vocavit
749 3541 808 3616 pet
821 3516 971 3590 edilium
988 3508 1117 3610 ⁴ipsum
1132 3512 1265 3596 Regem
1274 3504 1342 3574 Sto·

351 3624 412 3712 eiae
426 3621 670 3723 Magnetesque
686 3625 774 3718 suos,
790 3649 825 3699 ut
844 3630 954 3724 primo
970 3622 1162 3696 dieMatcii
1178 3617 1269 3714 apud
1278 3617 1344 3687 No·

336 3758 431 3805 ‘vum
445 3733 594 3806 Castrum
607 3736 704 3835 super
713 3742 849 3837 Tynam
867 3752 1111 3835 comparerent,
1139 3733 1173 3800 in
1193 3719 1345 3827 praemillls
1363 3796 1366 3801 ,

352 3842 550 3941 responsuri.
589 3848 1020 3943 Congregatoqueinterim
1032 3840 1186 3914 exercitu
1197 3821 1346 3918 inmenso,

353 3954 397 4023 ad
418 3954 553 4029 eosdem
569 3957 713 4040 diemet
729 3961 843 4044 locum
859 3984 935 4031 cum
952 3954 1016 4029 suis
1034 3946 1269 4048 Optimatibus
1283 3949 1348 4016 Rex

398 4160 412 4201 1
437 4126 639 4210 Nunciarunt
653 4149 685 4208 T.
703 4213 706 4220 ,
728 4167 747 4209 2
769 4147 811 4208 Sic
821 4152 888 4209 MS.
900 4164 989 4229 neque
1001 4139 1088 4218 aliter
1097 4117 1219 4220 ¹Totque
1233 4140 1271 4198 0.
1294 4121 1349 4192 Ad·

354 4245 516 4329 ‘jusanen
559 4238 835 4323 tinterinquer.
871 4217 1348 4322 ·4J0hannem·pr01psum·rnr.

1300 4332 1351 4388 uo·
