3000 5075
164 489 312 549 mnv
451 451 1140 561 'anrnrro

321 638 499 723 cockinm
511 642 614 723 inter
625 640 830 723 haereticos
841 633 1251 741 censendumfuiffe‚u
1265 632 1345 740 ipse

282 748 286 758 ¹
316 763 519 874 judicavit.
574 773 713 874 Itaque
737 768 973 876 privationem
994 761 1056 842 vel
1070 761 1345 871 &privatim

312 887 517 994 synodicam
536 889 775 996 appellarim.
819 891 909 969 Nec
923 907 1058 968 tamen
1071 881 1261 987 diffiteor,
1274 882 1347 965 mi·

322 1010 462 1096 hisaris
471 1015 546 1096 effe
556 1012 1078 1123 apertumarchiepiscopum
1089 1009 1212 1091 etiam
1222 1008 1345 1116 ipsum

323 1136 492 1240 potuisse
507 1139 657 1246 privare
676 1138 757 1220 sola
771 1135 836 1219 sua
852 1135 964 1246 ipsius
978 1135 1231 1234 audoritate,
1256 1160 1347 1217 rno-

266 1266 269 1271 '
325 1256 381 1338 do
403 1283 450 1341 ea
466 1262 524 1342 uti
538 1262 717 1369 voluerit.
761 1264 879 1372 Cujus
899 1257 1097 1368 opinionis
1118 1254 1212 1337 inde
1231 1284 1346 1368 argu·

181 1430 189 1439 ν
324 1401 511 1463 mentum
522 1384 649 1492 capio,
673 1384 782 1494 qnod
801 1385 1004 1492 pontifices
1020 1381 1157 1463 summi
1169 1382 1345 1469 Romani
1373 1458 1376 1463 .

325 1502 445 1585 talem
468 1505 765 1614 archiepiscopis
785 1504 1125 1591 Cantuarienfibus
1151 1502 1347 1599 dedissent

323 1628 574 1736 potestatem,
589 1650 730 1738 utpote
745 1634 871 1742 legatis·
882 1630 970 1736 suis,
986 1631 1093 1745 qnod
1111 1629 1262 1735 dicunt,
1278 1663 1344 1719 aa·

323 1755 385 1839 tis.
411 1755 452 1838 id
464 1758 570 1866 quod
582 1765 700 1840 nemo
713 1756 822 1841 sanus
836 1758 982 1840 inficias
992 1756 1078 1859 ibit,
1088 1753 1211 1837 modo
1223 1755 1346 1839 consr-

324 1875 715 1992 duraveritquantam
725 1883 959 1991 potestatem
971 1878 1352 1986 pontificesdlisum·

324 2002 379 2081 mi
397 2005 673 2111 vendicassent,
699 2008 1054 2119 quomodocunque
1067 2007 1347 2115 primariorum·

325 2127 542 2217 seculorum
566 2139 673 2243 praxi
692 2159 811 2247 atque
829 2136 1016 2218 dominis
1032 2134 1161 2217 minus
1177 2134 1344 2241 conseq·

325 2271 498 2340 taneam.
554 2261 630 2342 Sed
653 2259 680 2343 si
703 2261 849 2345 dehac
872 2261 1065 2368 potestate
1082 2255 1197 2340 fufius
1217 2257 1258 2345 in
1280 2272 1346 2343 rue

326 2377 555 2488 susciperem
585 2386 797 2491 dissertare,
827 2385 973 2468 vastum
1003 2386 1093 2467 sane
1124 2381 1353 2493 ingrediem'

327 2501 419 2587 dum
439 2510 533 2591 esset
551 2539 668 2594 mare.
729 2511 960 2598 Pauciffimis
974 2539 1086 2621 erga,
1113 2533 1202 2619 quoe
1221 2507 1347 2610 innui,

327 2651 553 2739 contentus,
568 2637 697 2719 malim
718 2658 762 2722 ut
775 2638 823 2720 cl.
840 2637 1098 2733 Dodwellum,
1114 2635 1154 2716 in
1176 2633 1346 2742 antiqui-¹

325 2773 412 2836 tate
425 2760 672 2841 ecclesiastica
686 2762 804 2869 longe
820 2759 1124 2859 versatissimum,
1136 2751 1270 2864 potius
1281 2785 1345 2842 au·

327 2882 423 2985 dias,
440 2913 555 2992 quam
572 2908 718 2976 memet
734 2884 872 2993 ipsum,
893 2890 996 2999 cujus
1012 2886 1179 2993 proinde
1196 2892 1249 2968 ei)
1262 2883 1346 2994 spe·

326 3010 500 3090 &antem
529 3015 744 3119 epistolam,
772 3013 945 3096 nondum
977 3012 1136 3114 editam,
1164 3011 1213 3092 ad
1233 3010 1347 3094 Tho-

327 3160 433 3218 mam
465 3139 671 3244 Smithum,
699 3140 878 3226 dostrina
901 3140 1046 3245 pariter
1072 3164 1117 3219 ac
1145 3137 1350 3244 probitate

326 3243 516 3344 summum
529 3264 716 3368 virum,in
732 3262 976 3369 Appendice¹
999 3260 1209 3369 proferam.
1231 3246 1346 3344 Dod-

327 3384 459 3464 wellus
484 3411 636 3497 magnae
664 3388 846 3495 profecto
872 3385 1101 3485 eruditionis
1132 3386 1348 3496 magnique

319 3504 455 3615 judicii
472 3509 530 3589 vir
557 3532 654 3612 erat,
683 3508 750 3592 se'd
771 3537 887 3618 quem
908 3508 1102 3590 interdum
1113 3507 1350 3596 humanitus·

327 3634 471 3743 aliquid
484 3638 634 3744 passum
647 3637 767 3740 fuisse,
782 3664 862 3717 non
875 3636 931 3715 est
944 3634 1241 3745 denegandum3
1274 3665 1348 3723 un·-

326 3756 545 3843 de&nunc
558 3761 745 3867 temporis
757 3758 873 3839 etiam
886 3785 967 3849 non
981 3757 1121 3838 invitus
1133 3756 1345 3861 confiteor,

327 3904 474 3963 memet
488 3885 537 3964 ab
550 3885 635 3993 ipso
647 3883 844 3966 discedere
861 3882 901 3960 in
916 3881 1004 3985 hoc,
1012 3879 1120 3989 quod
1133 3878 1183 3959 de
1192 3881 1280 3987 jure·
1290 3908 1346 3966 ex·

319 3997 572 4118 prascipriane
587 4008 905 4119 colligendorum
922 4004 988 4088 hic
1001 4027 1084 4088 tum
1096 4005 1187 4086 aiibi
1198 4006 1339 4110 litteris¹

725 4195 743 4273 'r
770 4197 859 4274 Nm
874 4185 933 4273 Xi.

1228 4250 1336 4381 ruu-
