3000 5075
178 490 290 549 oxxu
611 462 1039 540 AP·PENDIX.

163 637 190 729 s
319 603 471 670 duntaxat
486 607 633 672 Edwardi
654 609 712 673 ΙΙΙ.
729 627 828 670 annos
849 607 1018 701 attingant,
1042 605 1168 672 necesse
1183 604 1241 689 est,
1258 623 1319 670 cum

321 705 451 785 triginta
464 706 590 770 circiter
602 722 674 769 ante
687 705 816 786 Regem
831 702 1101 791 anniu‘Guaiteruo
1116 699 1242 764 obierit.
1265 734 1281 787 ⁸

549 969 764 1039 NumVIII.
788 963 894 1039 ..vide
908 956 1007 1034 Ptaef.
1027 964 1106 1047 §.V.

322 1119 373 1191 Dc
393 1137 507 1209 magna
525 1113 669 1208 discordia
685 1114 844 1209 Oxonienpi
859 1117 903 1187 A.
913 1117 961 1185 D.
972 1112 1241 1183 MCCLXIIIP.
1258 1110 1325 1180 ittet

368 1229 568 1299 Academicos
583 1225 621 1298 (γ
631 1226 802 1318 oppidanos,
813 1219 830 1294 l
843 1227 985 1295 Chronico
994 1218 1239 1319 Adlingtonietpi
1253 1215 1325 1291 MS.

369 1341 401 1408 in
415 1338 591 1420 bibliotheca
603 1337 726 1426 publica
739 1332 988 1425 Cantaloigieofi.

217 1534 229 1588 '.
433 1507 548 1572 Ouum
574 1526 659 1570 anno
682 1502 995 1586 [MCCLXIIII02]
1020 1486 1093 1568 orio
1114 1501 1163 1568 est
1185 1498 1329 1568 discordia

321 1518 427 1722 Ε
451 1619 545 1681 quam
554 1599 691 1661 maxima
702 1599 786 1661 inter
804 1594 1055 1663 Univerfitatem
1067 1589 1191 1660 Oxorf:
1208 1609 1241 1658 et
1260 1590 1328 1658 Bur·

451 1690 572 1772 gemes,
587 1692 632 1751 ita
645 1688 731 1772 quod
745 1686 785 1751 ad
799 1681 939 1752 invicem
950 1683 981 1749 se
996 1684 1214 1769 percutiendo
1227 1682 1329 1748 vulne·
1357 1722 1361 1739 ι

320 1775 420 1841 tando
442 1781 670 1846 interficerent.
717 1781 794 1869 Qo
813 1780 898 1845 fadio
920 1777 1042 1845 Clerici
1058 1799 1100 1843 ex
1117 1794 1193 1843 toto
1208 1775 1329 1843 receil'e-

214 1888 217 1893 ·
319 1894 391 1938 runt
406 1897 463 1959 per
483 1877 694 1962 quindenam,¹
711 1893 745 1940 et
759 1876 852 1940 multi
872 1895 998 1960 eorum,
1019 1895 1061 1941 ex
1083 1874 1221 1941 coniilio
1241 1875 1329 1941 Baro·

288 1998 297 2013 2
315 1990 407 2051 num,
422 1974 683 2037 Norhamtonam
694 1973 862 2037 venientes
870 1971 1030 2055 legerunt.
1057 1968 1159 2061 Qod
1170 1989 1248 2036 cum
1260 1967 1330 2034 Bur-

316 2065 426 2147 genses
441 2066 599 2148 vidissent,
612 2067 693 2153 inito
704 2065 847 2149 consilio,
862 2082 963 2150 partes
973 2066 1049 2130 hinc
1059 2068 1135 2131 inde
1141 2066 1275 2150 'Regem
1283 2062 1331 2129 td·

315 2166 435 2243 ierunt,
451 2165 620 2227 veritatem
630 2161 737 2224 eidem
749 2167 947 2228 nunciantes.
975 2164 1137 2228 Dominus
1148 2180 1258 2227 autem
1267 2162 1331 2228 Rex
1357 2158 1359 2163 ’

189 2306 192 2312 .
267 2328 272 2341 ,
314 2257 476 2320 mandavit
492 2257 683 2337 scolaribus,
705 2272 740 2319 ut
758 2255 914 2339 redirent,
935 2272 969 2320 et
992 2277 1085 2320 more
1105 2256 1205 2321 solito
1222 2257 1330 2323 sterent

317 2354 448 2416 ibidem.
481 2351 629 2437 Cumque
644 2353 773 2435 quidam
782 2373 894 2418 eorum
908 2356 1024 2420 reversi
1040 2356 1182 2441 luissent,
1204 2376 1239 2422 et
1251 2360 1332 2440 lege-
1354 2350 1370 2439 l

317 2467 401 2532 rent,
417 2451 491 2513 ficut
502 2452 599 2533 prius,
612 2449 774 2511 mandavit
784 2451 900 2511 iterum
911 2449 999 2530 Rex,
1010 2467 1078 2514 tam
1093 2449 1331 2535 Clericis'qunm

315 2550 536 2630 Burgenfibus‚
553 2564 587 2610 ut
602 2566 713 2609 omnes
725 2542 848 2609 Clerici
864 2548 1002 2628 exirent,
1018 2546 1125 2612 donec
1138 2550 1206 2633 ipse
1221 2548 1330 2624 ibidem
1366 2551 1370 2560 '

315 2650 454 2713 tenuerit
467 2647 715 2711 Parliamentum
729 2642 830 2725 suum,
846 2660 878 2706 et
892 2661 969 2707 tunc
983 2663 1241 2733 reverterentur,
1255 2645 1330 2734 quod
1360 2713 1364 2722 ,

314 2764 348 2811 et
368 2746 486 2808 fabium
509 2742 566 2805 est.
609 2740 732 2805 Eodem
754 2762 851 2824 anno,
871 2755 1025 2826 'tempore
1050 2744 1330 2832 Qadragefimoli,

315 2845 390 2908 Rex
405 2839 578 2919 Henricus‚
599 2840 633 2898 in
656 2838 709 2900 die
724 2837 834 2900 Sancti
850 2837 1015 2901 Benedirsti
1037 2839 1189 2925 Abbatis,
1211 2843 1331 2906 intravit

151 2991 159 3008 ,
281 2971 284 2976 -
315 2937 459 3021 primitus
474 2934 509 2994 in
523 2933 670 2997 Castrum
685 2935 837 3016 Oxoniae,
860 2950 892 2995 et
905 2933 1026 2997 ibidem
1045 2938 1157 3016 ¹quod
1173 2940 1256 3002 bibit
1269 2935 1330 3004 nul·

1067 3018 1255 3032 —-—

313 3050 361 3113 lus
372 3049 500 3128 Regum
510 3046 587 3109 fecit
597 3062 671 3109 ante
683 3066 756 3109 eum
766 3044 836 3129 p'ost
846 3060 984 3108 mortem
994 3046 1123 3112 sanctae
1134 3031 1332 3136 Fredewydn

313 3140 465 3221 Virginis.
498 3135 622 3199 Eodem
636 3152 795 3219 tempore,
817 3136 858 3201 V.
871 3134 945 3198 Kal.
958 3129 1065 3220 April'.
1080 3140 1171 3204 idem
1186 3143 1262 3209 Rex
1274 3142 1332 3229 pri·

312 3254 368 3298 mo
382 3232 512 3326 introyit
526 3232 560 3291 in
575 3230 750 3295 Civitatem
763 3235 878 3295 Oxon‘:
892 3247 1007 3297 etcum
1019 3234 1126 3298 nobili
1142 3236 1332 3321 proceffione

314 3328 397 3413 apud
414 3328 560 3391 Sandiam
575 3325 803 3389 Fredeswidum
816 3327 985 3414 susceptus,
1009 3332 1208 3419 Missamque
1222 3335 1333 3401 ibidem

313 3426 457 3505 audiens,
473 3421 580 3505 postea
596 3422 634 3484 ad
656 3424 780 3488 Fratres
794 3425 935 3489 reversus
950 3428 1007 3492 est.
1045 3430 1202 3517 Cumque
1219 3433 1258 3499 ad
1271 3452 1332 3497 me-

314 3521 400 3582 diam
415 3515 692 3607 Qadragesrmam
702 3515 788 3579 idem
801 3518 875 3582 Rex
890 3522 1076 3607 mandass'et,
1100 3546 1232 3613 omnes,
1245 3529 1333 3615 quiei

312 3609 479 3674 servicium
494 3606 680 3688 debuerant,
700 3620 735 3669 ut
747 3607 867 3671 ibidem
882 3610 981 3675 effent
996 3620 1143 3700 prompti
1160 3643 1236 3687 cum
1246 3625 1334 3689 servi·

313 3708 366 3769 cio
377 3702 444 3784 suo,
461 3703 563 3765 nullus
575 3718 682 3764 tamen
697 3702 869 3785 Beronum,
880 3722 992 3771 contra
1002 3711 1106 3792 ipsum
1119 3719 1336 3803 existentium,

313 3797 434 3859 ibidem
443 3796 545 3859 voluit
557 3796 722 3894 accedere,
737 3796 811 3878 quic
823 3795 863 3858 de
872 3818 950 3880 pace
963 3821 1029 3867 non
1041 3822 1201 3890 poterant
1210 3814 1336 3899 expedi·

313 3912 361 3971 re,
385 3890 435 3952 sed
452 3891 525 3953 alibi
536 3890 717 3954 *tractabant
732 3905 766 3954 et
780 3892 1068 3983 parlamentabant,
1096 3910 1235 3989 quidam
1255 3913 1338 3979 Lon-

310 3983 395 4045 dori*
401 3998 434 4044 et
447 3982 573 4066 quidam
592 3985 811 4050 Norhamton.
851 3984 936 4054 Cum
951 4012 1059 4062 autem
1074 4002 1154 4070 Rex
1169 4007 1244 4081 haec
1257 4009 1339 4077 audi-

685 4187 699 4229 ι
720 4178 755 4233 F.
765 4170 850 4252 bibit,
870 4177 959 4259 quod.

1218 4360 1227 4378 c
1294 4340 1343 4390 ret
