3000 5075
193 475 271 589 1¹23r

450 453 745 568 'Wntruui
781 488 1153 569 Humrrtononn

174 655 217 720 A.
235 655 279 720 D.
389 679 394 687 ·

182 755 273 819 ¹²97·

347 843 508 942 Qmon
524 846 640 937 decepti
649 843 722 939 sum
739 844 826 942 unsri
843 865 874 916 et
892 847 1000 920 deriiii
1016 830 1096 940 apud
1111 807 1288 948 Sttyrelyr‘t'i

424 1004 691 1078 Dvau1enre
711 1000 800 1098 apud
813 1003 1022 1076 Berewikum
1034 1004 1175 1098 Comite
1193 1004 1238 1076 de
1250 1006 1324 1080 Wa-

447 1129 563 1197 renna,
580 1111 612 1177 ei
627 1107 857 1204 perordinem
875 1107 1033 1204 praedicta
1052 1114 1274 1198 nunciantur,
1296 1129 1325 1180 et

311 1221 411 1293 missis
429 1216 472 1290 ad
485 1223 621 1311 Regem
638 1220 804 1308 Nunciis,
828 1218 1036 1291 voluntatem
1052 1217 1156 1318 ipfius
1171 1220 1326 1319 expeciit,

310 1330 371 1425 qui
391 1329 533 1400 existens
552 1331 587 1400 in
605 1329 785 1429 procinau
804 1329 949 1415 itineris,
981 1348 1020 1399 ut
1032 1325 1167 1400 diuum
1184 1327 1244 1415 est,
1269 1351 1325 1398 no·

171 1426 180 1448 ’
310 1437 375 1509 luit
394 1435 568 1536 impediri,
593 1434 652 1509 sed
671 1463 733 1539 pro
756 1435 849 1509 bono
867 1440 958 1534 pacis
977 1435 1143 1536 postulata
1160 1435 1326 1525 conceffit,

311 1547 471 1648 fabioque
485 1547 528 1620 ad
545 1547 637 1621 diem
655 1568 787 1621 certum
801 1547 900 1645 hujus
913 1546 1086 1646 responso,
1103 1547 1220 1621 adhuc
1231 1547 1326 1621 diffe-

311 1661 431 1735 rebant
445 1662 540 1734 Scoti
553 1663 589 1733 in
602 1658 764 1733 cordibus
779 1656 846 1732 suis
858 1657 1058 1733 differentes
1072 1658 1226 1752 obfides,
1246 1687 1326 1759 quos

311 1767 550 1870 promiserant,
565 1789 600 1840 et
618 1768 820 1865 postulantes
833 1770 948 1841 omnia
959 1772 1034 1867 jura
1050 1765 1158 1841 suaet
1173 1775 1340 1872 antiquas·

209 1886 213 1897 ¹
310 1878 585 1972 consuetudines,
609 1877 694 1953 sicut
712 1889 731 1956 a
749 1885 846 1974 Rege
867 1881 1049 1952 Scotorbm
1065 1881 1260 1978 antiquitus
1277 1886 1324 1953 t'e·

310 2019 391 2066 nere
410 1989 657 2066 consueverant.
699 1994 788 2087 Qoe
810 2019 886 2065 cum
909 1989 1019 2064 adhuc
1033 1987 1143 2063 essent
1158 1990 1254 2090 quasi
1271 1990 1331 2099 sub

310 2127 405 2178 certa
420 2100 476 2201 spe
493 2100 717 2176 concedendo
729 2101 900 2203 promissa,
912 2105 1038 2175 iterum
1054 2122 1090 2174 et
1105 2103 1232 2174 iterum
1245 2099 1329 2173 mus·'

309 2212 509 2311 tiplicantur
525 2209 612 2300 dies,
628 2231 663 2282 et
679 2214 846 2301 variantia
860 2206 989 2311 semper
1004 2228 1041 2280 et
1052 2206 1182 2283 frivola
1196 2214 1324 2306 ingere-

155 2336 159 2347 '
181 2423 184 2426 Ι
205 2304 214 2320 ’
309 2323 443 2410 bantur,
466 2304 508 2392 eb
525 2317 620 2419 quod
639 2320 700 2394 ille
719 2321 808 2396 latro
820 2320 1015 2398 willelmus
1029 2320 1170 2430 Wsslays
1190 2326 1323 2397 lffifflffl

238 2444 243 2457 '
310 2437 475 2538 populum
504 2431 691 2534 adjuvabat.
744 2434 796 2510 Ad
825 2435 982 2511 ultimum
1005 2463 1099 2528 vero,
1126 2464 1205 2512 cum
1227 2441 1322 2514 nostri

309 2569 538 2649 proponerent
554 2552 708 2645 equitare
723 2546 821 2649 super
836 2572 907 2636 eos,
924 2548 1091 2622 timebant
1104 2548 1167 2623 fibi
1183 2558 1322 2645 Magna·

309 2677 360 2730 tes
377 2661 567 2751 Scotorum,
580 2679 615 2727 et
631 2653 863 2754 imposuerunt
876 2655 1193 2758 culpam‘praedib’to
1205 2664 1322 2741 Domi·

300 2792 356 2872 ,no
373 2766 549 2841 Willelmo
568 2766 696 2856 Duglas
713 2784 747 2836 et
765 2763 933 2868 Episcopo
950 2766 1158 2860 Glasguensr,
1186 2774 1249 2869 qui
1265 2797 1321 2868 no·

308 2897 378 2948 tam
392 2880 544 2947 criminis
556 2876 703 2972 impositi
722 2875 878 2949 excusare
891 2879 1055 2968 volentes,
1082 2879 1204 2976 sponte
1221 2882 1321 2955 dede·

310 3006 391 3057 runt
406 2982 450 3075 se,
478 2989 587 3083 primo
603 2988 663 3060 ille
678 2987 883 3079 Willeimus,
907 3010 942 3060 et
962 2983 1062 3088 paulo
1076 2991 1151 3086 post
1170 2990 1243 3089 ipse
1256 2999 1320 3065 Do

309 3101 419 3170 minus
437 3094 635 3194 Episcopus,
661 3120 695 3170 et
717 3099 862 3171 traditus
879 3099 924 3171 est
940 3094 1128 3196 Episcopus
1143 3098 1205 3173 sub
1221 3103 1320 3174 custo·

309 3208 367 3279 dia
384 3208 531 3280 custodis
544 3207 649 3280 Castri
666 3209 709 3280 de
722 3198 1042 3300 Rokesburglivice
1056 3232 1091 3280 et
1104 3215 1321 3286 nomineRc-

309 3322 361 3409 gis
379 3319 492 3388 nostri.
537 3316 611 3415 Ipse
627 3345 707 3391 vero
719 3320 914 3395 Willelmus
925 3322 960 3389 in
975 3318 1092 3389 Castro
1102 3318 1148 3391 de
1161 3325 1320 3422 Berewyk

309 3426 434 3527 positus
452 3428 507 3514 est,
533 3449 698 3519 retentus,
724 3448 759 3500 et
776 3425 865 3497 salvo
882 3426 1076 3499 custoditus.
1118 3430 1232 3524 Qod
1248 3459 1326 3505 cum

307 3532 448 3606 audisset
460 3534 518 3604 ille
528 3532 970 3629 latroWillelmusWalayS,
986 3535 1091 3606 iratus
1102 3541 1233 3628 anim0,
1248 3564 1317 3638 per·

308 3650 397 3717 rexit
414 3645 456 3718 ad
474 3644 615 3717 domum
629 3642 802 3744 Episcopi,
817 3664 851 3713 et
865 3668 1003 3715 omnem
1013 3646 1084 3739 ejus
1096 3647 1318 3744 suppellecti-

308 3755 389 3843 lem,
413 3779 503 3827 arma
520 3776 555 3824 et
572 3779 690 3852 equos,
715 3752 808 3823 filios
826 3754 933 3823 eciam
957 3749 1129 3849 Episcopi,
1157 3780 1317 3855 nepotum

307 3872 444 3940 nomine
459 3888 682 3964 nuncupatos,
700 3859 811 3937 secum
824 3863 980 3954 adduxit,
990 3886 1025 3933 et
1042 3868 1197 3940 ¹cintius
1211 3872 1259 3942 est
1270 3875 1318 3944 in·

246 4053 253 4062 ,
306 3973 422 4053 menso
433 3978 611 4049 Scotorum
626 4000 780 4064 numero,
806 4001 849 4047 eo
867 3974 959 4073 quod
972 3975 1209 4054 communitas
1224 4002 1316 4053 terra

703 4196 717 4243 1
742 4176 909 4244 Aucusr.
953 4258 955 4262 v
1239 4251 1244 4259 ,

803 4291 823 4340 t
858 4371 865 4380 ι
1267 4307 1312 4382 (ο,
