3000 5075
450 482 801 566 APPEND‘I
825 499 869 566 X.
1012 528 1017 540 ·
1196 523 1322 580 ctxm

145 623 184 712 fic
197 644 295 689 eorum
304 629 437 709 cogitacio
439 631 545 712 stonlia
559 632 598 704 (α’
606 628 746 717 salubris,
757 639 789 698 in
802 636 948 700 eleccionis
958 640 1069 719 negocio
1078 655 1177 719 prooe—
1207 653 1249 721 Α,
1267 655 1312 721 Ῑ),

153 717 243 784 datis.
276 729 345 786 Non
357 718 429 786 e'nim
437 723 542 813 ficficm
555 747 604 810 ego
615 730 704 792 cultor
715 732 860 814 culminis,
870 733 984 796 honoris
994 732 1177 817 amator,fi²cc
1219 727 1308 818 1431.

151 832 308 882 venerator
321 819 495 903 ambicionis,
511 821 588 905 quod
595 825 697 907 velim,
707 841 825 907 propter
834 827 983 912 personam
1002 854 1094 892 meam
1108 828 1175 915 infi-

153 933 243 995 mam,
259 913 314 976 vel
320 915 401 977 litem
415 919 486 978 oriri
499 921 606 982 *incer
609 920 724 1003 fratres
733 923 787 984 vel
800 920 982 1009 discordiam,
988 949 1053 1014 ymo
1063 905 1255 987 malefid-
1267 936 1290 969 2·
1307 918 1331 969 ¹³·

148 1010 260 1091 pocius,
275 1010 353 1092 quod
361 1009 477 1097 fuiffem
490 1016 568 1102 quast
576 1016 625 1096 qui
633 1036 691 1077 non
705 1017 797 1099 effen,
819 1017 856 1079 de
870 1034 949 1082 utero
965 1021 1122 1104 translatus
1135 1018 1177 1081 ad
1367 1006 1371 1017 ⁵

153 1105 307 1186 tumulum,
322 1128 407 1189 quam
420 1120 532 1189 autper
545 1130 602 1190 me,
612 1122 664 1170 aut
671 1124 725 1188 per
739 1112 812 1174 alios
824 1126 942 1192 propter
955 1138 999 1178 me
1012 1111 1175 1197 causaretur

153 1195 275 1281 aliquod
281 1201 354 1284 tale,
370 1200 447 1285 quod
453 1206 483 1265 in
498 1205 613 1266 minimo
628 1202 731 1267 laedere
742 1203 832 1286 poffec
846 1221 898 1268 aut
903 1203 1111 1288 scandalizare
1129 1229 1175 1269 ec·

155 1287 264 1378 clesoam
277 1294 370 1376 istam.
397 1296 504 1376 Igitur,
524 1316 585 1359 aum
601 1298 663 1358 viri
669 1297 708 1384 fit
718 1295 884 1382 prudentis,
906 1302 938 1361 in
951 1301 1102 1383 agibilibus
1108 1299 1174 1384 suis

146 1382 377 1474 fingulisfinem,
393 1402 425 1450 ut
432 1389 615 1470 principium,
626 1392 845 1473 preconcipere,
862 1396 931 1475 quia
941 1416 978 1456 en
990 1418 1020 1458 eo
1025 1393 1103 1479 ficiet
1113 1409 1174 1458 tam

154 1479 238 1545 decus
249 1505 336 1566 quam
352 1486 439 1546 eciam
453 1483 571 1548 dedecus
587 1490 716 1568 evenire,
733 1490 825 1572 juxta
833 1485 903 1548 ilud
914 1490 1042 1570 metrice,

256 1641 514 1726 Prinpriumque
525 1642 612 1706 fimul
626 1643 723 1707 finem
734 1642 907 1727 prudencia
915 1641 1038 1704 servat:

294 1738 417 1801 Rerum
431 1737 502 1801 finis
514 1738 610 1801 habet
625 1742 749 1822 crimen
764 1743 800 1806 ὃ(
815 1758 913 1830 omne
926 1737 1022 1802 decus
1035 1735 1043 1801 ἐ

154 1870 273 1957 consulo
286 1874 381 1957 vobis,
392 1873 493 1959 utficis
503 1897 557 1940 vos
564 1875 788 1961 prudentes,&,
793 1879 884 1962 juxta
894 1872 1176 1958 doilrc'namsapien·

155 1971 207 2052 tis,
231 1973 282 2054 qui
291 1972 399 2056 inquit,

256 2119 384 2184 Cedere
396 2123 554 2208 principio
569 2123 668 2207 m210,
687 2120 908 2206 quamcedere
923 2119 992 2202 fini,

155 2267 264 2331 cedatis
281 2289 335 2329 vos
348 2271 380 2329 in
388 2269 529 2348 principio
540 2271 651 2352 pocius,
673 2292 759 2355 quam
771 2269 909 2351 cogamini
921 2269 953 2329 in
963 2260 1176 2354 finesruflrari

155 2364 176 2428 l
184 2365 338 2449 propoficos
352 2365 465 2449 vestris.
499 2372 567 2429 Non
578 2367 653 2428 enim
667 2367 706 2452 est
713 2381 813 2448 pugna
827 2365 961 2451 aqualis,
972 2363 1021 2425 ubi
1028 2362 1114 2441 pauci
1127 2356 1174 2422 di-

153 2461 262 2521 micant
276 2472 373 2520 contra
383 2456 494 2540 plures,
509 2456 637 2543 satisque
649 2456 684 2519 de
701 2480 768 2520 raro
774 2455 954 2544 ficbsequitur
971 2456 1107 2536 vilioria,
1127 2455 1176 2518 ubi

149 2556 275 2641 juvenes
287 2568 428 2618 certamen
441 2557 541 2617 ineunt
550 2560 747 2639 contrajenes,
763 2571 816 2619 aut
824 2554 906 2639 inscii
915 2550 1174 2637 adversusfiapien-

155 2665 210 2715 tes.
253 2657 325 2713 Sunt
345 2652 418 2711 enim
427 2646 554 2731 seniores
568 2650 662 2731 vobis,
676 2647 942 2733 suntsopienciores
956 2649 1050 2730 vobis,
1057 2646 1130 2729 fient
1143 2650 1176 2710 in

155 2746 243 2826 triplo
247 2744 348 2826 plures
359 2743 454 2825 vobis,
462 2757 490 2804 ec
493 2756 644 2824 propterea
654 2766 691 2805 esc
703 2743 829 2805 omnibus
838 2741 962 2823 viribus,
968 2765 1022 2826 quo
1032 2742 1075 2804 ad
1081 2745 1176 2805 alium

154 2841 312 2923 eleccionis,
326 2838 408 2902 uobis
413 2840 548 2918 pociores.
580 2835 708 2919 cedatis,
719 2839 821 2919 igitur,
837 2835 945 2921 conficlo
954 2837 1049 2920 vobis,
1059 2837 1174 2903 ordeac-

155 2962 209 3024 que
223 2932 319 3021 rursus
328 2947 415 3015 pater
418 2936 597 3015 patericus,
604 2936 702 3018 pastor
709 2937 849 3017 egregius,
856 2947 944 3013 poter
953 2928 992 3007 ὁ
1004 2935 1175 3017 pastorpro·

155 3034 259 3117 vidus,
272 3028 385 3117 fhlidus
399 3027 438 3101 &⁶
449 3028 597 3113 politicus,
615 3054 709 3116 quem,
715 3046 834 3114 propter
842 3032 958 3114 famam
971 3032 1105 3113 nominis,
1122 3054 1175 3093 eec-

148 3132 377 3214 perienciumque
388 3130 547 3210 regiminis,
567 3126 704 3192 ardenter
715 3143 748 3191 ccc
765 3130 865 3191 redeat
879 3126 1015 3217 defiderat
1035 3151 1069 3190 ac
1085 3130 1173 3192 eciam

155 3227 389 3316 affeliatnedum
403 3248 457 3289 rex
467 3224 506 3297 ό·
520 3229 603 3310 regni
606 3244 749 3309 proceres,
760 3230 920 3308 patriaque
931 3227 1043 3307 incola,
1060 3250 1093 3289 ac
1106 3249 1175 3290 cun-

156 3333 196 3394 cii
204 3327 328 3409 nobiles,
335 3348 401 3415 ymo
412 3322 533 3386 ulterius
546 3337 610 3385 coca
624 3345 658 3386 ac
666 3325 767 3387 totalis
781 3321 1177 3413 quafisulslanciafracerni·

154 3423 226 3486 tatis
241 3419 325 3503 hujus
340 3417 446 3496 collegii
458 3414 627 3479 coenobialis.
668 3426 736 3479 Cum
750 3418 840 3499 igitur
849 3416 869 3479 i
878 3421 990 3479 nemine
999 3417 1089 3482 aliter
1099 3421 1179 3484 credi

154 3529 208 3577 auc
222 3511 336 3591 opinari
344 3510 467 3589 poterit,
478 3529 547 3592 qum
556 3507 649 3571 hocesc
665 3506 910 3591 Deoprocefferit,
924 3507 1000 3593 quod
1008 3507 1175 3581 maican·

154 3606 193 3685 ti,
218 3617 248 3665 et
259 3604 401 3681 precipue
414 3603 476 3663 viri
489 3614 550 3662 tam
564 3597 678 3683 modesti
688 3602 861 3663 conveniunt
873 3606 905 3664 in
919 3624 1017 3682 unum,
1033 3598 1177 3694 ipficmque

154 3694 297 3779 offellum
310 3692 378 3773 eligi
386 3690 548 3780 praficiquc
562 3695 666 3755 iterum
675 3691 872 3771 inpatrem&
877 3693 1019 3776 pastorem
1032 3695 1175 3776 nostrum3

154 3785 297 3871 affeiietis
312 3786 399 3846 eciam
412 3784 522 3868 consulo
535 3784 617 3846 vobis
632 3782 665 3845 id
679 3780 782 3867 ipsum,
807 3782 1035 3869 conveniatisque
1050 3806 1111 3846 cum
1130 3808 1176 3847 ce.

155 3889 242 3968 teris,
261 3883 414 3966 etgracias,
424 3903 477 3963 ago
487 3881 582 3971 vobis,
602 3904 659 3943 non
670 3903 701 3942 eo
716 3872 810 3945 minus
820 3899 873 3963 pro
883 3878 1178 3965 gratisgmtuicisque

155 3978 365 4045 benevolenciis
386 3977 501 4060 vestris.
544 3974 570 4037 F
571 3976 692 4039 iniente
708 3976 749 4039 fic
764 3977 883 4059 priore,
905 3974 981 4037 etse
995 3974 1035 4038 od
1053 3976 1113 4038 ulia
1127 3976 1176 4040 di,

155 4086 318 4153 vertente,
329 4067 485 4132 'cesserunt
496 4066 598 4130 eciam
608 4066 720 4139 fratres
733 4068 784 4131 isti
796 4068 941 4151 opinioni
952 4066 1026 4150 suae,
1046 4068 1178 4134 conces.

122 4203 125 4208 ·
155 4168 327 4253 feruntque
339 4186 411 4231 cum
420 4167 537 4229 ceteris
546 4166 981 4230 convenireconfrutribusin
990 4167 1092 4232 futura
1101 4184 1178 4233 tunc

154 4260 196 4326 de
211 4262 364 4348 proximo
379 4258 556 4331 eleccione.
596 4256 712 4343 Sicque
729 4258 765 4325 δι
778 4254 834 4321 sub
853 4258 918 4325 hoe
936 4256 1035 4326 modo
1049 4257 1177 4323 cessavit
1239 4255 1242 4260 “

170 4393 174 4400 -
747 4373 811 4419 xu
1129 4355 1180 4421 su'·
1265 4366 1272 4392 ¹
