3000 5075
366 442 997 547 PRAEFATIO.
1235 484 1325 542 rxrr

178 621 267 703 talle
286 620 367 724 aio,
394 610 485 730 quia
501 620 692 730 nuspiam,
720 619 827 731 quod
843 617 975 722 sciam,
999 619 1040 700 in
1055 619 1196 704 biblio·
1330 716 1336 727 ¹

177 752 299 836 thecis
316 751 457 837 nostris
474 752 641 859 exstent,
667 777 907 864 operamque
924 750 1106 833 dederint
1128 782 1197 835 ne-

177 877 355 983 bulones,
383 898 429 958 ut
452 877 527 960 alia
547 873 683 958 itidem
700 874 750 956 ad
770 900 896 986 teges,
922 875 965 957 de
977 874 1057 988 jure
1073 878 1196 986 impe·
1268 871 1270 880 ’

131 1034 134 1039 ·
175 1012 320 1105 rantes3
335 999 577 1110 pertinentia
592 998 747 1108 penitus
765 998 990 1106 perdantur.
1028 1002 1126 1084 Inde
1142 1005 1199 1087 in·

177 1152 274 1238 genu
286 1125 454 1234 penuria
469 1141 832 1226 monumentorum,
845 1149 932 1233 quae
946 1123 1200 1230 perduellium
1258 1238 1261 1245 ι

176 1252 358 1336 evincant
371 1249 517 1334 scelera
540 1267 659 1357 atque
679 1247 839 1361 flagitia.
886 1257 938 1330 Et
954 1272 1087 1332 tamen
1113 1278 1202 1360 per·
1306 1286 1309 1293 ·

180 1377 303 1460 multa
321 1373 568 1460 conservavit
586 1368 726 1457 D'ros
742 1378 784 1457 O
795 1400 864 1454 rr·
877 1382 1000 1455 Mar.
1013 1402 1101 1486 quae
1120 1403 1202 1459 ma-

140 1596 144 1603 ,
178 1502 433 1586 levolentiam
448 1498 557 1582 fimul
571 1527 617 1580 ac
634 1497 821 1580 malitiam
840 1497 1042 1583 hominum
1056 1503 1201 1610 impro-

182 1629 322 1710 borum
342 1626 565 1710 ostendant.
604 1623 711 1734 quod
731 1634 772 1706 &
790 1621 983 1732 quantivis
1002 1627 1121 1733 pretii
1139 1655 1202 1709 ar·-

183 1770 418 1866 gturrentum
444 1753 520 1834 effe
545 1749 725 1835 adversus
740 1749 779 1831 id
794 1777 918 1860 genus
936 1748 1115 1836 scelestos
1132 1783 1204 1863 pu·
1240 1740 1243 1746 ¹

181 1897 236 1958 to.
281 1879 451 1973 Utinam
461 1874 818 1996 enimadvertiffent
831 1895 1030 1984 quotquot
1041 1880 1203 1987 optimis

182 2002 423 2112 principibus
440 2003 578 2085 nostris
595 2003 823 2112 neutiquam
840 2002 953 2105 ueriti
966 2003 1055 2085 sunt
1072 2003 1204 2092 facere

180 2128 352 2239 injurias.
392 2128 565 2210 Maxime
582 2126 760 2209 omnium
781 2127 932 2208 utinam
951 2131 1205 2219 meminerint

180 2254 248 2359 illi,
275 2255 346 2365 qui
361 2253 532 2365 vulgum,
548 2252 692 2361 alioqui
709 2251 801 2334 satis
824 2253 1049 2358 innocuum,
1067 2283 1203 2367 aperte
1286 2362 1288 2367 Ι

182 2381 318 2469 fallere
333 2382 434 2466 dolis
445 2400 652 2497 conantur,
670 2381 805 2491 quibus
824 2400 957 2462 tamen
972 2383 1095 2491 quivis
1107 2389 1202 2494 telo,

184 2511 292 2619 quod
307 2493 433 2616 innui,
448 2534 623 2618 pugnans
639 2534 722 2589 non
737 2504 942 2589 difficulter
954 2507 1109 2592 obviam
1125 2513 1205 2600 ive÷

182 2637 244 2717 rit.
547 2734 553 2744 Ι
1209 2722 1211 2725 ,

236 2771 362 2863 exn.
393 2767 450 2847 At
476 2790 526 2848 ne
544 2766 715 2871 censeas,
730 2765 852 2847 verba
873 2764 944 2846 tibi
960 2761 1059 2869 dati,
1076 2792 1203 2876 neque

186 2892 288 2974 ultra
308 2917 470 2973 ¹annum
500 2890 681 3000 quintum
713 2889 884 2973 Edvardi
915 2897 967 2972 ΙΙ.
999 2894 1206 2997 perrexiffe

191 3002 616 3129 Heming'fordiumpel
628 3013 668 3098 id
679 3018 849 3119 evincat,
863 3013 986 3126 ipsum
996 3007 1208 3104 Historiam

186 3144 381 3253 integram
399 3162 518 3252 atque
537 3141 757 3223 absolutam
780 3140 893 3253 regni
905 3139 1005 3223 illius
1021 3142 1207 3255 principis

185 3266 324 3378 litteris¹
356 3263 606 3374 confignaffe‚
637 3264 743 3375 quod
770 3264 1004 3351 Chronicon
1036 3267 1206 3355 Edvardi
1317 3366 1323 3372 ,

187 3394 260 3471 ΙΙΙ.
280 3416 373 3471 curn
388 3391 576 3497 particula
592 3392 739 3474 illativa
753 3395 861 3506 igitur
877 3394 1050 3503 incipiat.
1102 3398 1209 3507 Ejus·

188 3515 298 3600 modi
315 3517 517 3624 particulae
528 3541 637 3602 certe
651 3516 861 3627 respiciunt
875 3523 993 3604 verba
1006 3552 1098 3606 mox
1112 3554 1209 3633 prae-

190 3640 383 3745 cedentia,
407 3668 496 3750 quae
520 3640 562 3724 in
577 3639 882 3753 Heminglottlio
905 3671 986 3724 uon
1005 3643 1079 3726 alia
1096 3643 1208 3731 fuiffe
1289 3677 1295 3682 ·

189 3768 361 3851 arbitror
374 3796 490 3879 quam
509 3796 596 3879 quae
614 3769 665 3853 ad
678 3772 790 3882 regni
803 3769 974 3854 udvardi
987 3778 1039 3857 11.
1054 3794 1206 3884 partem

190 3894 450 4000 posteriorem
463 3895 739 4005 spectantium
754 3893 855 3979 adeo
867 3916 911 3978 ut
923 3919 1043 3979 nemo
1058 3897 1209 3983 dubita·

191 4022 425 4132 verit,plene
438 4017 674 4108 contexuiffe
684 4024 1120 4113 edvardinnistoriam
1129 4033 1211 4111 He·

159 4189 162 4194 ·
189 4150 487 4261 mingfordiutn,
496 4179 614 4275 quam
628 4150 839 4263 aliquando
852 4152 957 4237 illam
966 4152 1089 4264 ipsam
1101 4152 1210 4239 firiffe

1142 4309 1210 4389 ru·
1265 4362 1285 4378 2
