3000 5075
357 432 996 574 uRAEvArvo

165 648 270 719 etiam
297 645 344 720 de
369 645 482 720 euulsa
509 644 619 720 iidem
649 645 798 719 Codices
827 645 919 718 haud
946 644 1035 718 ultra
1065 670 1190 718 annum

167 751 450 829 M.CC.XCVII.
471 752 760 850 progrediuntur?
783 759 867 842 §.X.
903 758 1015 849 hquo
1029 751 1190 823 annode·

168 865 295 944 festum
314 871 423 969 usque
444 870 487 944 ad
507 894 631 941 annum
650 867 895 941 M.CCC.XII.
923 872 943 940 ὲ
961 867 1094 939 Codice
1116 872 1189 939 He·

165 977 371 1071 mingsordii
391 974 661 1070 Cantabrigienfi
688 973 927 1074 supplevimus.
964 980 1024 1076 qui
1046 985 1087 1050 δε
1111 976 1190 1066 illis,

165 1114 243 1186 quae
267 1089 483 1182 evulgaverat
499 1088 638 1178 Celeus,
665 1086 777 1159 lucem
800 1091 905 1164 etiam
931 1087 1091 1160 affundit.
1139 1090 1191 1158 Ea

166 1201 296 1288 omnia,
328 1222 404 1293 quae
433 1200 507 1299 post
530 1208 655 1271 annum
677 1200 729 1269 M.
743 1197 844 1269 CCC.
857 1202 938 1269 Xll.
966 1195 1009 1268 de
1032 1193 1211 1268 Edvardo'

165 1309 244 1383 11‘10.
256 1311 432 1382 memoriae
444 1307 643 1406 prodiderat
654 1305 954 1401 Hemingfordius,
971 1305 1061 1379 forte
1075 1308 1189 1403 perie-
1299 1356 1302 1364 -

166 1439 261 1492 runt.
285 1426 315 1510 §.
327 1426 392 1493 XI.
429 1424 512 1492 Nec
527 1419 573 1490 est
588 1445 649 1491 cur
666 1441 823 1511 negetur,
840 1419 1010 1490 historiam
1024 1422 1191 1510 integram

166 1548 271 1627 atque
284 1529 471 1604 absolutam
484 1529 528 1602 de
540 1529 691 1603 Edvardi
702 1529 776 1601 11⁶³.
790 1554 897 1621 regno
911 1527 952 1599 ab
963 1525 1191 1619 Hemingfor-

168 1640 229 1715 dio
244 1641 374 1716 litteris
397 1641 625 1737 consignatam
644 1641 754 1732 fuisse,
783 1664 956 1740 utcunque
975 1639 1073 1712 nobis
1100 1665 1191 1716 nunc

164 1777 321 1826 mancam
334 1778 374 1825 ac
390 1752 635 1852 imperfectam.
674 1757 728 1824 De
742 1748 917 1823 Dodwelli
932 1749 1115 1848 Milliique
1127 1775 1191 1822 no·

165 1868 209 1938 tis
225 1866 362 1965 aliquot
377 1869 475 1938 MSS.
504 1870 542 1938 in
564 1865 807 1966 Hippolytum.
834 1869 863 1952 ᾗ,
880 1868 960 1936 XII.
1000 1863 1065 1935 Sed
1084 1889 1192 1963 quan·

168 2004 272 2077 quam
299 1979 472 2051 historiam
494 1977 639 2051 Edvardi
659 1978 732 2049 11⁶1.
767 1975 944 2049 absolverit
967 1975 1192 2068 Hemingfot·

168 2085 260 2176 dius,
281 2085 368 2185 quid
381 2106 493 2158 tumen
505 2086 549 2160 de
561 2084 722 2164 Eduardo
738 2084 799 2157 illo
811 2084 882 2182 post
896 2111 1020 2157 annum
1030 2078 1190 2159 M.CCC.

169 2202 249 2271 Xll.
269 2198 313 2271 ad
327 2220 474 2271 mortem
489 2196 593 2296 usque
609 2195 762 2296 ejusdem
778 2195 927 2269 Edvardi
944 2194 1128 2296 scripserit,
1152 2224 1195 2270 ne

173 2311 333 2382 Minerva
348 2307 491 2409 quidem
508 2312 683 2406 pinguiori
695 2331 851 2379 enarrare
865 2305 988 2393 nufim5
1016 2308 1100 2379 licet
1113 2298 1205 2379 con-'

171 2416 481 2520 jedurauilequun
505 2417 550 2491 de
579 2417 765 2492 rebellione
784 2439 902 2490 contra
919 2417 1131 2508 Edvardum,
1155 2429 1194 2495 δε

170 2531 214 2603 de
237 2529 391 2604 Edvardl
410 2533 513 2602 etiam
539 2532 669 2628 pietate
686 2517 799 2620 egisse.
830 2531 968 2622 §.Xllh
1009 2526 1119 2599 Aliter
1141 2526 1195 2599 di-

172 2641 322 2714 cendum
339 2639 384 2713 de
399 2636 660 2730 Hemingfordii
677 2639 854 2710 Chronico
867 2636 1016 2708 deardi
1026 2636 1122 2708 luti.
1136 2663 1197 2710 cu·
1218 2678 1220 2682 >

172 2753 223 2849 jus
242 2750 341 2849 plura
360 2774 450 2823 nunc
468 2749 592 2821 exstant
609 2745 826 2841 exemplaria.
855 2750 884 2832 §.
898 2748 994 2819 XIV.
1036 2746 1197 2838 Qomm

175 2858 424 2958 vetullillinrum
451 2884 514 2929 nos
541 2851 647 2928 secuti
676 2853 802 2943 sumus,
826 2851 914 2925 illud
936 2851 1077 2943 scilicet,
1103 2853 1198 2951 quod

174 2972 209 3042 in
223 2959 435 3040 bibliotheca
447 2964 586 3057 collegii
595 2960 870 3053 Magdalenensrs
881 2964 1030 3033 Oxoniae
1043 2960 1199 3037 adserve-

173 3096 240 3147 tur.
263 3077 290 3162 §.
301 3076 378 3145 XV.
404 3070 472 3142 Cui
487 3068 635 3142 Edvardi
652 3069 776 3141 itidem
790 3074 843 3139 111
853 3070 1025 3141 historiam
1040 3095 1101 3170 per
1114 3099 1198 3145 ano·
1350 3102 1357 3110 .

173 3200 318 3271 nymum
332 3173 501 3273 quendam
522 3175 774 3250 subnexuimus.
805 3182 856 3248 uti
878 3181 980 3248 etiam
995 3182 1198 3253 variantium
1337 3245 1340 3254 .

174 3284 365 3359 lemanum
376 3283 536 3382 Syllogen
550 3289 588 3358 'in
601 3289 705 3359 vitam
721 3284 864 3358 Ricardi
879 3290 928 3376 ll,
950 3285 1080 3358 {nobis
1093 3314 1201 3390 nuper

175 3392 341 3469 excusam.
379 3401 434 3468 De
446 3399 607 3471 conllidiu
624 3424 746 3491 magno
763 3396 955 3471 Oxoniensr
971 3424 1014 3471 ex
1026 3422 1200 3498 anonymo

147 3587 150 3593 .
177 3507 340 3579 historico
363 3508 400 3578 in
416 3505 626 3582 bibliotheca
646 3509 786 3601 collegii
802 3507 1073 3601 Magdalenensrs
1098 3514 1199 3583 Oxo·

181 3619 229 3689 nii
242 3613 487 3709 fragmentum.
501 3624 651 3710 .§.xv1.
690 3620 928 3710 Chronologia
944 3622 980 3691 in
995 3646 1030 3692 re
1043 3621 1201 3693 historica

177 3726 276 3801 valde
295 3725 488 3800 necessaria.
526 3729 741 3826 Quapropter
757 3727 844 3801 bene
858 3728 997 3820 cecidit,
1019 3729 1113 3825 quod
1125 3755 1201 3800 eam

177 3838 409 3911 observaverit
431 3839 729 3933 Hemingfordius‚
760 3845 924 3937 quamvis,
954 3842 1019 3913 hoc
1042 3866 1111 3913 non
1138 3840 1201 3911 ob·

178 3950 297 4039 stante,
312 3948 428 4022 multae
444 3951 481 4019 in
497 3946 572 4047 ipso
583 3948 885 4045 deprehendantur
899 3950 1088 4021 omiffiones
1101 3947 1202 4019 chro-

1218 482 1294 552 'xv

179 4060 362 4155 nologicae.
402 4061 570 4136 Chronici
584 4058 881 4153 Abbingtoniensrs
904 4062 1023 4132 auctor
1037 4075 1203 4130 annorum
1270 4127 1272 4130 .

177 4172 301 4251 seriem
310 4176 501 4249 accuratius
511 4196 613 4273 quem
622 4169 909 4351 Hemingfordius
921 4165 1112 4347 observa&
1123 4190 1200 4263 per·

794 4306 818 4353 2
1078 4301 1087 4346 ι
1114 4294 1201 4348 etur.
