3000 5075
244 483 308 550 ⁷2·
515 451 1211 539 Wntneerntinoeoxn.

216 620 259 686 A.
278 619 323 684 D.
352 610 422 687 offa
439 607 506 701 sua,
532 609 592 683 nist
607 634 683 682 cum
701 607 910 681 solverentur
929 628 965 680 et
984 603 1116 694 debita,
1142 601 1359 701 ieceruntn'ie,

224 720 315 783 1²95·
355 718 413 794 fic.
455 720 500 788 Et
512 715 585 816 post
598 716 750 805 Treugas
767 715 881 801 initas,
893 710 1103 785 reduxerunt
1120 708 1235 783 secum
1247 707 1354 783 offam

355 828 493 903 fratrem
511 822 603 913 snum
621 828 766 914 Regem,
791 847 826 894 et
848 848 909 922 per
928 848 1006 896 eum
1029 806 1228 895 honorifice
1244 806 1363 918 sepulte¹

355 938 430 1013 sunt
447 932 537 1035 apud
550 931 875 1006 westmonasterium
893 931 1094 1004 Londoniis.

530 1230 729 1328 confutem
744 1231 829 1329 noste
837 1230 966 1325 secum
983 1235 1013 1302 n
1026 1231 1184 1328 vasconia.

443 1391 534 1461 Ost
559 1405 703 1457 mortem
725 1373 876 1459 Domini
890 1385 1074 1476 Edmundi,
1099 1384 1289 1484 praeficitur
1308 1410 1359 1458 no·

461 1494 532 1566 stris
558 1494 682 1567 Comes
711 1486 971 1587 Lincolniensrs,
996 1494 1040 1567 de
1065 1494 1234 1569 consensu
1259 1500 1359 1569 tocius

354 1609 538 1696 exercitus,
565 1605 668 1676 homo
681 1604 820 1702 quidem
835 1602 974 1694 facetus,
1000 1604 1233 1701 pulcherimus
1246 1625 1283 1679 et
1292 1607 1359 1679 stre·

355 1718 536 1795 nuiffimus.
563 1721 632 1789 Hic
645 1743 722 1790 cum
732 1713 972 1815 aliquantisper
981 1712 1158 1789 recreaffet
1168 1721 1360 1809 exercitum,

356 1836 446 1907 circa
462 1828 593 1901 Festum
609 1829 719 1900 Sancti
733 1828 900 1927 Johannis
916 1827 1070 1927 Baptistae
1084 1824 1235 1919 egreffus
1252 1826 1312 1915 est,
1331 1844 1359 1897 et

355 1939 490 2014 obsedit
506 1937 625 2010 urbem
646 1942 742 2034 Hays
760 1962 820 2035 per
837 1941 907 2012 VII
923 1935 1153 2028 Ebdomadas,
1178 1957 1216 2009 et
1234 1934 1359 2028 singulis

356 2050 428 2125 fere
443 2049 563 2122 diebus
579 2047 739 2124 insultum
757 2047 841 2121 fecit
856 2047 899 2120 ad
914 2048 1058 2121 Urbem.
1104 2048 1147 2121 'At
1164 2048 1217 2121 illi
1240 2044 1358 2139 obseffi‚

354 2163 399 2236 de
412 2164 609 2235 strenuitate
623 2182 656 2232 et
673 2163 847 2256 iuventute
857 2159 1084 2252 confidentes,
1094 2160 1302 2243 multociens
1310 2184 1358 2235 ex-

353 2279 481 2361 ierunt,
506 2293 541 2343 et
567 2272 639 2371 post
663 2273 857 2346 conflictum
881 2271 1065 2369 aliqualem
1085 2276 1214 2346 iterum
1238 2269 1357 2363 ingreffi

355 2378 443 2455 sunt.
482 2379 638 2452 Tandem
650 2405 731 2451 vero
745 2406 822 2453 cum
835 2378 1001 2454 audissent
1014 2382 1128 2473 nostri,
1138 2381 1236 2481 quod
1245 2384 1357 2454 comes

356 2489 401 2561 de
411 2487 558 2584 Arthoys
570 2488 701 2558 veniret
715 2489 751 2558 in
765 2488 929 2560 auxilium
943 2510 1145 2579 ceterorum,
1159 2487 1357 2563 revers1.sunt

357 2598 599 2698 usqueBayon.
633 2602 828 2695 Iteratoque
845 2600 917 2698 post
933 2620 1064 2697 tempus
1080 2600 1261 2675 modicum
1277 2605 1356 2675 exie·

233 2711 236 2716 ’
357 2733 437 2786 tunt
459 2712 597 2808 quidam
615 2737 657 2782 ex
683 2712 799 2783 nostris
821 2712 930 2785 versus
951 2733 1062 2813 partes
1081 2713 1356 2805 Tholosanas,=et

357 2818 479 2891 multas
493 2816 588 2888 villas
605 2839 639 2887 et
654 2817 753 2890 urbes
769 2819 931 2892 incendio
946 2843 1217 2912 concremarunt,
1235 2818 1355 2895 reverfi·

358 2954 425 3025 que
440 2923 514 2997 sunt
529 2947 646 2997 contra
660 2928 804 3000 hiemem
819 2954 894 3000 cum
908 2929 1019 3025 praeda
1036 2956 1170 3021 magna.
1209 2936 1309 3006 Tunc
1322 2931 1355 3004 li·

358 3041 502 3112 cenciati
520 3036 597 3111 sunt
614 3041 715 3112 multi
731 3067 774 3114 ex
788 3042 953 3134 Anglicis,
971 3042 1100 3115 scilicet
1113 3044 1296 3137 vulnerati,
1308 3042 1354 3116 dr·

358 3151 444 3224 biles
461 3171 496 3222 et
513 3149 699 3241 inbecilles,
724 3173 762 3222 et
771 3154 1005 3225 cumDomino
1014 3153 1192 3228 Willelmo
1203 3157 1249 3231 de
1259 3155 1354 3253 Vescy

359 3261 441 3356 (qui
458 3259 713 3355 infirmabatur)
737 3270 833 3334 ¹cum
855 3263 989 3334 ceteris'
1002 3266 1039 3335 in
1061 3265 1222 3357 Angliam
1247 3265 1352 3341 reverfi

357 3371 442 3444 sunt.
487 3373 586 3443 Circa
603 3375 1005 3448 Purificacionembeatae
1015 3379 1183 3468 Virginis,
1204 3378 1353 3452 miserunt

356 3481 548 3569 adnostros,
567 3484 625 3579 qui
635 3508 732 3556 erant
742 3485 832 3581 apud
840 3488 962 3581 Bryon
968 3546 979 3577 ,
996 3484 1096 3558 Cives
1108 3486 1153 3568 de
1166 3487 1351 3581 Belegarde,

357 3594 469 3669 etalii
493 3593 630 3691 quidam
646 3621 688 3667 ex
707 3597 837 3682 nostris,
862 3600 922 3691 qui
946 3600 980 3668 in
998 3623 1117 3670 eornm
1135 3600 1266 3675 auxilio
1282 3602 1351 3675 miti

355 3706 503 3796 fuerant,
517 3731 593 3777 cum
606 3706 842 3780 obfiderentur
854 3713 874 3779 ὲ
887 3711 1034 3797 Francis,
1046 3710 1152 3805 quod,
1164 3715 1350 3788 victualibus

356 3817 428 3891 fere
448 3816 698 3906 deficientibus,
723 3840 781 3890 aut
800 3814 984 3888 neceffatio
999 3840 1177 3913 oporteret
1197 3826 1233 3895 in
1252 3826 1350 3922 proxi·
1395 3897 1396 3906 ,

357 3953 416 4000 mo
428 3932 476 4001 eis
486 3925 689 4016 succurrere,
699 3951 756 4001 aut
768 3924 912 4013 obseffos
924 3925 1011 4000 fame
1021 3929 1182 4022 deficere,
1191 3936 1258 4026 vel,
1271 3929 1349 4033 quod
1394 3929 1396 4006 i

740 4159 754 4203 1
779 4137 893 4225 Desunt
905 4143 935 4203 in
949 4145 981 4203 T.

1297 4272 1344 4345 rb-
