3000 5075
127 458 132 471 ’
208 495 288 565 166

170 636 236 714 ·A.
246 646 293 714 D.

179 731 288 815 31298.

497 474 766 559 Wsnunnr
803 475 1208 565 Hrsttrrcnonn.

323 623 369 699 dc
392 630 493 719 Arce,
518 638 557 707 &
580 632 784 705 invenerunt
809 626 898 703 illud
920 652 1068 703 meum
1092 620 1331 706 &incensum

325 737 478 831 'Audio
490 743 582 814 enim
598 738 746 815 aduentu
759 739 863 833 regis,
879 732 969 833 fugit
983 733 1112 813 a-facte
1127 737 1204 834 ejus
1216 734 1331 843 Rober·
1348 798 1352 809 .

307 867 380 923 -tus
394 847 438 923 de
460 847 563 926 Bruse
582 852 715 951 junior,
741 857 779 925 δι
802 846 959 923 incendit
974 845 1067 921 illud
1089 848 1242 923 castrum
1259 844 1333 948 quoi

322 980 494 1035 tenuerat.
535 963 696 1061 Cumque
718 958 832 1035 fuiffet
856 958 1050 1035 voluntatis
1065 960 1188 1053 regiae,
1214 978 1254 1033 ut
1271 978 1335 1032 tnnc

324 1071 551 1147 Gallwalliam
565 1071 816 1165 ingrederetur,
831 1069 1019 1145 deficiente
1030 1091 1153 1145 tamen
1169 1094 1273 1170 pene,
1289 1069 1336 1145 de·
1354 1100 1356 1105 ·

322 1178 410 1257 fecit
428 1191 467 1260 &
486 1181 750 1285 propofitum
720 1207 806 1281 ejus.
844 1185 933 1255 Non
957 1183 1051 1257 enim
1069 1202 1244 1262 venerant
1260 1205 1346 1269 nun.

324 1320 408 1397 quas
417 1295 591 1389 credebat
603 1306 642 1373 dc
655 1321 715 1398 per
727 1302 793 1373 XV
807 1295 882 1369 dies
893 1315 968 1378 erat
982 1296 1020 1369 in
1033 1295 1157 1369 castris
1172 1294 1282 1388 fames
1295 1320 1354 1391 re,

199 1430 202 1435 ’
324 1405 410 1483 lida
446 1404 816 1509 Reuerfiquesuntper
829 1404 1355 1501 mediumvallisilnandimt

192 4481 293 4505 ,Δ

323 1519 500 1594 redditutn
513 1519 560 1593 est
572 1524 665 1614 Regi
681 1520 854 1595 castellum
869 1516 915 1593 de
929 1514 1153 1613 Lobmaban,
1177 1518 1311 1594 dctis
1284 1538 1357 1615 tittu

311 1638 366 1708 .&
380 1629 539 1705 membris
555 1629 622 1705 hiis
639 1634 699 1731 qui
714 1649 905 1705 tenuerunt
900 1625 1014 1701 illud.
1069 1630 1225 1702 Interim
1240 1629 1345 1718 reule·
1347 1640 1368 1691 ·'

299 1773 313 1799 ³
325 1738 386 1817 bat
399 1766 442 1814 ex
456 1741 623 1815 Hibernia
635 1741 774 1839 quidam
790 1739 928 1830 nobilis,
946 1737 1133 1814 ’Thomas
1155 1736 1336 1839 Bysetbic

325 1855 364 1953 in
378 1850 766 1959 auxilium&ottorum,
775 1874 812 1927 ut
818 1853 1048 1927 communiter
1055 1842 1270 1937 dicebatur..
1280 1848 1336 1943 Q

325 1992 406 2041 cum
421 1966 635 2069 applicuisset
653 1971 690 2041 in
707 1966 818 2045 insula
831 1965 876 2041 de
892 1973 991 2056 aree,
1013 1974 1054 2041 δι
1072 1963 1111 2039 se
1127 1958 1335 2039 dediffentnl

312 2079 448 2155 incolae
471 2079 576 2173 illius,
604 2080 817 2181 audiffetque
836 2079 880 2154 ab
899 2077 1037 2175 incolis,
1063 2076 1335 2173 regemnom

298 2187 409 2262 'belli
426 2189 609 2265 obtinuiss'e
628 2195 818 2284 vintoniam,
842 2189 932 2265 mifit
947 2187 991 2263 ad
1008 2214 1091 2285 eum
1109 2192 1283 2282 nuncios,
1294 2186 1334 2262 di
1357 2232 1360 2239 ·

315 2303 469 2393 ·eens,'se
484 2303 608 2380 venisse
620 2308 657 2380 in
670 2306 837 2381 auxilium
850 2307 933 2404 ejus,
954 2324 992 2378 et
1003 2301 1196 2402 adquifiile
1205 2304 1275 2403 jem
1287 2326 1334 2375 no

316 2419 419 2488 mine
440 2414 541 2513 ipfius
562 2415 705 2491 eandem
730 2414 872 2490 insulam
893 2414 939 2487 de
961 2419 1063 2505 Arre,
1096 2440 1210 2513 quam
1232 2412 1290 2487 fibi
1307 2430 1333 2484 et

324 2526 510 2606 heredibus
526 2526 593 2603 suis
608 2528 650 2604 ab
672 2529 747 2631 ipso
763 2557 845 2624 rege
861 2531 962 2631 petiit
984 2529 1168 2629 perpetuis
1185 2527 1330 2627 tempori·

315 2642 387 2717 bus
406 2642 647 2742 pollidendam,
669 2650 925 2747 acceptavitque
938 2668 1008 2717 rer·
1015 2645 1199 2717 mittentis
1215 2639 1330 2732 fanin,

325 2766 364 2833 &
381 2757 596 2856 petitionem,
611 2783 713 2855 quam
722 2757 863 2848 fecerat,
880 2755 1005 2854 absque
1016 2752 1172 2836 consilio
1187 2756 1330 2828 oomitun

323 2867 549 2943 confirmavit.
592 2867 700 2963 Qud
716 2867 892 2941 audientes
907 2868 1067 2955 comites,
1084 2861 1113 2938 s.
1127 2862 1329 2940 Marestallus

324 2986 362 3053 &
381 2973 630 3068 Herfordenfis,
654 2976 811 3073 admirati
836 2978 924 3068 sunt,
947 2974 1110 3074 eoquod
1130 2977 1328 3073 promiserat,

322 3089 357 3163 ie
372 3087 460 3161 nihil
477 3091 556 3161 novi
573 3088 738 3163 fadurum
757 3088 881 3188 absque
898 3112 1015 3161 eorum
1031 3083 1167 3161 offensu
1186 3098 1226 3165 &
1245 3084 1330 3162 coni·

322 3197 384 3273 lio.
434 3204 480 3272 Et
492 3224 570 3272 cum
586 3196 669 3272 ellet
686 3204 765 3271 Rex
784 3197 875 3300 apud
892 3196 1104 3287 Karliolum,
1129 3203 1330 3299 petierunti

323 3334 403 3404 rege
416 3305 622 3411 repatriandi
639 3311 824 3404 licentiam,
844 3312 1045 3407 'alligantes
1056 3313 1232 3409 jaiiuram
1244 3317 1330 3388 maxi·

321 3451 412 3501 mam
429 3421 720 3514 &fatigationem
744 3423 924 3499 hominum
939 3444 974 3497 et
991 3448 1183 3521 equorum,
1208 3423 1330 3501 recelle-

321 3555 470 3633 runtque
486 3530 545 3625 fic,
570 3554 606 3608 et
621 3533 778 3611 temanfit
803 3536 933 3614 ibidem
956 3561 1017 3610 rex
1032 3562 1113 3609 curn
1133 3538 1329 3635 magnatibus

320 3648 488 3749 plurimis,
498 3649 681 3744 tenuitque
693 3645 950 3745 parliamentum
964 3645 1059 3720 suum
1075 3656 1089 3700 ⁴
1095 3652 1203 3747 juxta
1216 3657 1329 3728 onnes
1359 3678 1365 3692 ·

320 3758 427 3833 beatae
439 3762 594 3854 virginis,
611 3782 647 3835 et
657 3760 829 3855 affignavit
843 3782 879 3836 et
891 3758 989 3835 dedit
999 3762 1035 3833 in
1054 3760 1114 3859 spe
1128 3765 1328 3860 magnatibus

321 3867 388 3942 suis
404 3889 510 3942 terras
522 3862 652 3942 ¹multas
672 3890 908 3963 magnatorum
925 3872 1022 3972 regni
1038 3870 1189 3967 scocie,
1216 3873 1327 3949 scilicet

365 4105 588 4264 pnpusstoque
598 4106 670 4176 adv
690 4113 725 4175 Τ.
767 4106 1005 4178 nThomassc.
1021 4108 1147 4199 Biseth,
1171 4122 1205 4181 Τ.
1248 4113 1325 4199 3sic
1372 4161 1375 4182 .

169 4251 172 4256 .
324 4214 347 4278 4
417 4216 452 4264 tt
817 4253 819 4258 .
1112 4268 1114 4272 .

1276 4356 1323 4407 CO*
