3000 5075
235 473 261 531 1„

514 446 1148 582 uuAEunrro

325 628 541 710 litterarum
579 631 999 739 transpofitionem¹in
1034 628 1170 712 nostro
1208 631 1343 738 utiquc

325 781 489 838 nummo
502 755 747 839 Ballardiano
761 757 816 865 (in
830 784 911 868 quo
925 754 1138 845 admodtm
1153 751 1261 843 mdiu
1277 753 1345 859 en,

326 879 409 961 imo
423 891 477 981 ὅτ,
499 879 712 984 vetustatis,
734 881 870 962 omniu
884 877 1139 988 depascentit,
1164 875 1345 959 fortuitu·
1372 878 1383 886 “

324 1006 435 1116 jurii,
454 1005 565 1088 valde
585 1005 829 1116 impersedta,
845 1005 1108 1090 chamuemm
1119 1001 1266 1107 forma)
1280 998 1347 1082 de·

325 1131 572 1241 prehendere
597 1131 747 1237 videor,
772 1130 823 1213 ad
846 1131 966 1213 imum
984 1152 1128 1236 nempe
1145 1125 1263 1235 rupa,
1290 1123 1346 1206 in-

326 1258 472 1340 &antis
491 1260 661 1342 Remum
684 1268 726 1341 uc
741 1255 967 1359 Romulum,
994 1250 1044 1335 ud
1063 1269 1218 1360 partem
1239 1273 1348 1332 aver·

294 1464 302 1474 ,
324 1380 404 1465 sam
423 1383 642 1492 conspedtae
671 1381 794 1492 (quud
816 1377 1148 1465 animadverfione
1169 1375 1348 1487 diguiffiv

324 1530 430 1586 mum
446 1504 607 1616 judico)
629 1506 747 1589 ubiC
769 1506 902 1591 subter
918 1503 1141 1616 lupa'plme
1162 1495 1348 1609 occurrit,

323 1631 592 1755 particulaque
607 1632 825 1715 litterarum
838 1639 875 1716 E
889 1651 1007 1742 atque
1023 1633 1074 1734 A,
1089 1630 1146 1711 ita
1161 1628 1348 1712 nimirum

203 1850 207 1855 ,
324 1755 492 1864 litatum,
506 1783 552 1840 ut
566 1758 642 1841 tria
656 1754 1120 1866 elementafimuljuudia
1135 1755 1268 1838 CBA
1286 1751 1347 1859 [id

325 1881 395 1983 est,
414 1884 569 1991 Ceasar]
594 1881 820 1968 conficiant.
877 1888 939 1967 Ex
964 1904 1129 1961 nummo
1146 1902 1247 1967 vero
1268 1878 1348 1964 hoc

146 2062 159 2077 „
325 2008 572 2099 Ballardiauo
581 2009 676 2091 illud
687 2008 884 2118 (equidem
894 2006 1097 2117 singulare)
1111 2004 1264 2090 discere
1277 2008 1347 2112 est,

325 2129 548 2212 Caraustum
567 2131 610 2211 in
629 2131 831 2213 Britannia
846 2119 978 2211 nostra
994 2127 1189 2236 (maxime,
1214 2130 1258 2212 ni
1275 2130 1348 2213 fal·

323 2250 398 2354 ior,
416 2251 567 2334 Corinii
585 2252 660 2336 five
676 2253 958 2359 Cirencestriae)
984 2249 1218 2332 tantafuiffe
1233 2270 1347 2359 pote·

324 2371 435 2478 state,
452 2394 508 2479 ut,
526 2374 688 2483 perinde
707 2404 753 2473 ac
769 2375 893 2484 sripse
908 2372 1244 2458 fuissetoctavius
1261 2377 1347 2458 Cae·

323 2495 384 2578 sar
395 2499 601 2611 Augustus,
609 2484 838 2609 imperiique
847 2493 1020 2586 Romani
1029 2493 1235 2603 fundator,
1246 2498 1346 2582 sum-

321 2620 396 2701 mis
408 2619 622 2703 honoribus
630 2622 904 2704 'cumuiandum
914 2622 990 2704 effe
999 2620 1183 2704 duxerint
1191 2624 1348 2709 Britan·

322 2743 378 2847 ni,
395 2744 551 2828 incuriae
569 2748 611 2829 in
625 2746 939 2854 inscriptionibus
954 2746 1108 2836 Latinis
1123 2747 1346 2851 formandis

321 2872 581 2979 proculdubio
597 2870 813 2979 accusandi,
839 2900 1074 2983 quanquam,
1092 2874 1120 2956 fi
1138 2877 1345 2965 confilium

322 3016 458 3072 eorum
474 2995 638 3103 cogites,
657 2994 802 3102 alioqui
817 2994 913 3075 nihil
924 2996 1080 3078 fortean
1097 3000 1355 3111 magnopere„

321 3112 496 3196 invenies
521 3115 563 3196 in
584 3114 718 3198 iisdem
735 3116 932 3198 Britannis
953 3120 1042 3227 (qui
1059 3147 1162 3201 nova
1178 3129 1347 3212 commi·

323 3239 416 3323 nisci
436 3237 654 3344 studebant)
670 3239 780 3347 culpa
798 3238 970 3351 dignum.
1023 3242 1138 3327 Adeo
1156 3269 1202 3328 ut
1216 3254 1345 3339 existi-

322 3388 428 3454 mem
441 3363 695 3466 intereresse,
721 3390 803 3473 quo
817 3366 974 3475 purgari
988 3369 1168 3460 Britanni
1182 3377 1346 3488 potunt,

322 3492 430 3603 quod
444 3498 486 3587 Ο
499 3494 586 3602 post
595 3503 644 3588 Μ
654 3495 709 3587 its
722 3495 1015 3603 munorum,
1030 3518 1075 3589 ut.
1087 3519 1167 3591 tum
1183 3504 1235 3592 ad
1251 3513 1346 3618 PT,

323 3639 438 3725 quarn
458 3617 897 3722 &occursuram
945 3626 1120 3732 Nempe,
1144 3647 1192 3716 ut
1216 3631 1262 3721 id
1285 3634 1347 3725 fr-

322 3744 1346 3859 essent,insuffaerut‚pasunlingue1amaim.

322 3870 479 3976 positia,
505 3870 649 3977 partim
665 3888 806 3973 meurs,
829 3897 893 3975 ne,
919 3872 989 3964 nifi
1010 3876 1262 3987 aenigmatice
1278 3912 1343 3975 η.

321 3998 819 4104 praesentarentur-litturae,
834 3999 1001 4090 cauus
1015 4002 1181 4096 inimicis
1195 4013 1345 4119 poeuis

321 4119 479 4231 dsunt,
497 4121 607 4234 quod
630 4122 849 4216 Cautum
871 4126 1102 4220 rosunum
1116 4136 1344 4234 Maximum

1269 4291 1339 4375 dp·
