3000 5075
241 492 517 575 Hrsuonuu
557 494 798 575 Envunor
834 490 1085 577 Sucuuuu'
1213 511 1292 600 263

158 639 323 730 valerent,
336 639 378 712 ad
392 663 505 740 partes
519 645 684 743 proprias,
697 640 817 716 arniffis
832 642 951 716 multis
967 640 1175 731 hominibus,
1205 658 1248 723 A.
1266 659 1313 728 D,

160 750 347 825 redierunt.
399 750 464 823 Illo
481 746 603 820 eodem
621 767 774 845 tempore
794 772 958 822 venerunt
979 756 1094 825 nuncii
1116 777 1177 851 per
1214 759 1305 824 13¹2·
1330 822 1335 831 ,

160 867 352 936 Dominum
367 862 571 936 Edwardum
588 859 633 932 de
648 864 731 935 Brus
744 862 829 934 miffi
845 867 998 935 Domino
1014 863 1175 937 Roberto

157 972 258 1047 fratri
273 974 333 1048 suo
346 979 382 1047 in
393 973 557 1047 Hibernia
572 972 783 1064 existentem,
797 977 858 1070 qui
873 973 1011 1047 insulam
1028 976 1120 1050 illam
1134 974 1176 1049 fi·

157 1079 194 1155 bi
211 1085 323 1158 voluit
341 1082 530 1182 subjugare,
557 1082 653 1182 quod
670 1080 731 1156 nifi
746 1082 937 1157 remedium
955 1086 1054 1185 poffit
1070 1092 1175 1161 citius

155 1194 319 1288 obtineri,
336 1195 370 1271 se
386 1196 497 1298 ipsum
514 1199 697 1285 amitteret,
717 1193 794 1269 suos
809 1197 966 1272 homines
982 1198 1118 1301 insuper
1132 1208 1174 1279 &

155 1305 370 1396 thesaurum;
396 1313 457 1409 qui
476 1307 628 1382 colleffls
650 1309 793 1398 triginta
815 1308 912 1380 mille
928 1311 1173 1407 pugnatoribus

153 1414 202 1491 de
215 1421 332 1493 Scotia
346 1417 545 1509 fortiffimis,
558 1416 601 1489 ad
617 1439 728 1517 partes
741 1418 917 1492 Hiberniae
928 1419 1119 1514 destinavit,
1133 1428 1173 1500 iu

160 1527 274 1604 fratris
287 1530 338 1606 sui
352 1516 547 1620 subfidium‚
557 1528 735 1603 confilium
750 1552 786 1602 et
799 1527 958 1606 favorem.
988 1535 1112 1611 Miffus
1125 1540 1173 1610 est

157 1662 243 1731 ergo
254 1642 427 1716 Dominus
440 1641 614 1712 Emericus
623 1636 667 1711 de
677 1639 837 1714 Valencia
849 1640 915 1737 de,¹
923 1644 1111 1720 Pembruta
1122 1646 1172 1720 la-

155 1769 228 1822 tere
241 1754 348 1842 Regis
362 1749 503 1842 Angliae,
518 1770 555 1821 ut
566 1748 750 1821 marchiam
763 1752 889 1825 Scociae
901 1753 1094 1862 custpditet,
1109 1761 1173 1857 qui

153 1854 301 1928 collebto
317 1859 489 1928 excercitu
506 1873 616 1926 totam
632 1876 755 1927 terram
777 1855 822 1928 de
837 1858 1011 1953 Tyndalle
1028 1862 1172 1958 pacifice

155 1966 337 2062 equitavit,
361 1985 397 2036 et
413 1966 550 2036 veniens
565 1960 607 2035 ad
624 1984 739 2059 partes
759 1965 1036 2059 Northumbriae‚
1061 1992 1172 2047 totam

157 2093 284 2146 tetram
298 2076 335 2145 in
352 2072 507 2172 quolibet
520 2072 624 2145 blado
635 2074 782 2148 vastavit.
824 2080 937 2173 Atque
951 2100 1073 2155 terram
1086 2084 1171 2155 Sco-

156 2187 217 2257 ciae
233 2184 441 2279 ingrediens,
456 2205 594 2281 propter
608 2208 731 2283 paucos
744 2186 864 2257 Scotos
879 2184 993 2281 fugam
1007 2195 1097 2282 iniit,
1111 2219 1171 2267 au-

154 2294 286 2368 daciam
308 2294 461 2367 ttibuens
477 2297 624 2367 inimicis
641 2299 701 2393 qui
719 2284 807 2371 sunt.
850 2300 945 2372 Scoti
962 2300 1068 2377 secuti
1086 2333 1166 2381 eum

154 2401 260 2501 usque
273 2401 469 2489 Conirccii',
486 2424 521 2475 et
534 2402 667 2498 (multis
680 2402 724 2475 de
735 2403 854 2495 Angiis
868 2407 1071 2508 interfectis)
1087 2419 1170 2488 Sco-

153 2519 182 2587 ti
200 2542 280 2590 cum
298 2515 430 2600 honore
445 2513 489 2586 ad
507 2516 644 2612 propria
660 2512 847 2605 redierunt,
876 2519 995 2593 nostris
1014 2525 1170 2602 viliffime

153 2627 291 2720 fugatis,
299 2646 332 2699 et
345 2625 460 2698 multis
474 2626 609 2723 (proth!
625 2624 746 2699 dolor!
762 2626 776 2721 )
792 2628 991 2705 interfebbis.
1028 2634 1094 2708 1110
1107 2663 1169 2709 en-

152 2739 233 2812 dem
250 2760 404 2834 tempore
421 2757 572 2810 mortuus
591 2736 637 2808 est
658 2736 717 2808 ille
734 2736 831 2810 miles
854 2737 1072 2821 sereniffimus
1093 2755 1167 2821 Do·

154 2855 266 2924 minus
279 2848 477 2923 Edmundus
489 2846 534 2919 de
543 2849 738 2944 Warwyck,
754 2871 790 2920 et
801 2847 948 2948 sepultus
961 2857 1162 2935 honorifice.

152 2965 241 3033 Ante
262 2978 407 3031 mortem
428 2956 629 3053 planxerunt
652 2955 750 3047 Angli
775 2957 1005 3035 vehementer.
1047 2968 1168 3040 Vexil-

151 3071 223 3145 lum
237 3072 346 3143 erexit
358 3089 475 3140 contra
485 3069 658 3139 Comitem
668 3067 866 3141 Lancastriae
877 3076 1046 3147 Dominus
1057 3076 1166 3151 Adam

152 3182 197 3255 de
212 3181 366 3256 Banaster
384 3206 458 3252 cum
472 3179 588 3251 multis
600 3175 795 3275 sequacibus
811 3177 890 3269 suis,
909 3187 1089 3262 vendicans
1102 3189 1166 3264 sibi

151 3322 190 3368 ac
204 3319 370 3392 occupans
383 3312 496 3363 totum
505 3292 702 3363 Lancastriae
715 3294 928 3368 comitatum.
966 3297 1050 3392 Qo
1065 3301 1165 3373 audi.

152 3431 202 3496 to,
213 3407 382 3478 Dominus
396 3405 518 3475 Comes
533 3400 767 3494 (congregatis
781 3401 976 3478 hominibus
989 3404 1072 3504 suis)
1083 3436 1163 3485 cum

152 3519 266 3618 paucis
279 3517 463 3586 Dominum
473 3508 582 3584 Adam
599 3534 676 3582 cum
689 3507 754 3582 suis
764 3508 808 3582 de
820 3537 941 3609 campo
955 3514 1101 3586 viriliter
1108 3518 1164 3613 je-

151 3648 286 3705 cerunt:
314 3632 372 3726 qui
384 3623 517 3716 fugiens
528 3625 561 3694 in
574 3620 718 3719 quadam
731 3627 879 3715 grangia,
891 3645 925 3694 et
938 3624 985 3697 ibi
996 3650 1073 3699 cum
1088 3653 1159 3699 uno

150 3741 263 3815 milite
281 3739 433 3808 Domino
455 3733 607 3804 Henrico
629 3755 689 3828 pet
710 3758 811 3805 croam
832 3732 1053 3831 septimanam
1071 3739 1162 3807 inte-

151 3874 244 3941 gram
257 3840 423 3917 latitabat.
458 3838 632 3938 'Jubentis
645 3861 758 3912 autem
769 3868 828 3938 per
841 3845 1072 3941 exploratores
1085 3850 1161 3917 Do·

151 3961 235 4032 mini
247 3958 403 4045 Comitis,
420 3953 519 4028 ambo
535 3949 697 4026 decollati
712 3950 799 4025 sunt.
847 3958 892 4025 Et
908 3958 1081 4033 vindicato
1091 3960 1161 4033 Co-

151 4071 235 4144 mite
250 4066 294 4140 de
309 4063 457 4138 hostibus
471 4064 548 4150 suis,
565 4079 654 4131 tetra
670 4057 763 4131 filuit
778 4080 814 4131 et
827 4064 969 4158 quievit.

142 4186 1156 4226 .----·-··---·-·-—----

347 4243 680 4326 rSic,proPembruc.
720 4265 740 4309 2
763 4244 967 4313 Rinventus.
1068 4327 1145 4403 ΨΑ
1306 4283 1391 4532 Ι
