3000 5075
153 450 306 546 ‘xxx1v
497 344 1174 557 TPRAEFAlTIO„

331 627 471 691 contra
490 606 729 712 Edvardum,
758 606 1043 719 rebellibusque
1068 606 1352 720 itidemssubdi·

332 733 381 812 tis
409 734 497 842 (qui
516 733 716 844 praestigiis
736 732 970 845 fallaciisque
992 737 1049 817 uti
1066 733 1261 847 solebant)
1287 764 1351 846 pa·

331 843 566 964 riteratque
592 845 641 936 de
666 853 883 938 eorundem
916 837 1086 969 flagitiis,
1113 859 1193 940 fuse
1221 860 1350 971 egiffe.

333 980 512 1066 Forsitan
529 976 572 1060 et
585 978 626 1061 in
645 978 848 1061 annalibus
868 977 1020 1085 iisdem,
1042 1008 1159 1086 nunc,
1185 1000 1231 1063 ut
1254 983 1351 1066 veri-

332 1107 453 1190 liniile
467 1106 526 1212 lit,
539 1104 766 1215 deperditis,
780 1103 830 1186 de
848 1104 1164 1221 pietatequoque
1181 1107 1354 1194 Edvardi
1374 1171 1380 1188 ,

332 1230 515 1341 scriptum
531 1231 687 1313 exstitit.
726 1227 1065 1338 Nampiumfuiffe
1079 1232 1170 1316 satis
1185 1234 1352 1324 constat.
1378 1335 1380 1338 y

334 1386 411 1470 qua
433 1358 485 1460 de
502 1358 624 1440 caussa
638 1357 786 1439 utinam
804 1355 845 1436 in
859 1357 968 1439 omni
989 1386 1110 1467 opere
1128 1360 1197 1444 suo
1216 1381 1355 1445 contra

331 1487 511 1570 homines
527 1482 702 1594 perditus
724 1483 765 1567 se
786 1483 955 1567 feliciter
971 1486 1149 1597 geffillet,
1178 1479 1351 1573 consilia·

323 1614 456 1723 'riique
480 1610 592 1720 iplrus
612 1610 719 1720 pravi
742 1638 884 1722 poenas
903 1611 1106 1696 dedissent.
1156 1617 1347 1701 Ceterum

331 1768 449 1852 quum
469 1738 583 1822 nobis
597 1738 695 1830 defit
710 1767 799 1849 pars
816 1741 935 1852 longe
952 1742 1077 1852 major
1096 1742 1350 1854 Hemingfor·

214 1889 217 1894 ·
331 1866 387 1948 dii
410 1865 503 1976 vitaet
520 1862 694 1947 Edvardi
718 1863 801 1968 11⁶³,
827 1859 888 1947 de'
902 1866 968 1948 illa
991 1866 1032 1947 in
1047 1863 1254 1973 prasentia
1269 1895 1349 1952 am·

328 1989 429 2098 plius
448 2013 531 2068 non
553 1984 813 2094 anquiramus,
843 1986 910 2069 sed
924 1985 973 2068 ad
993 1985 1160 2096 ejusdem
1177 1988 1345 2082 Chroni÷

330 2142 407 2197 con
422 2108 592 2200 Edvardi
610 2112 702 2193 111tii
720 2110 981 2221 nosmetipsos
998 2112 1094 2227 citra
1116 2115 1231 2196 ullam
1258 2143 1348 2220 cun·

266 2250 269 2257 ’
302 2239 547 2323 serationem
566 2261 669 2316 nunc
685 2236 946 2341 conferamus.
1080 2307 1110 2322 .,
1177 2341 1180 2357 1

381 2368 525 2456 §.X1V.
553 2361 643 2470 Jam
669 2355 696 2438 fi
718 2356 803 2466 quis
820 2359 1040 2466 suspicetur,
1054 2353 1241 2474 dpalpmpa
1255 2361 1346 2465 elle,

210 2545 212 2551 ·
325 2485 436 2601 quod
454 2480 682 2567 Chronicon
707 2480 802 2571 illud
822 2480 1131 2596 Hemingfordio
1157 2483 1345 2570 adscriba-

326 2640 422 2715 mus,
448 2607 571 2716 ipsum
595 2602 677 2688 falli
706 2607 776 2689 vel
793 2606 883 2691 illud
902 2610 1106 2712 monstrat,
1133 2608 1240 2718 quod
1263 2618 1345 2696 He·
1370 2676 1373 2683 ,

159 2761 162 2765 *
323 2732 649 2848 minglordiieffe
674 2730 849 2816 disertim
872 2734 1063 2817 testentur
1090 2737 1238 2843 Baleus,
1268 2740 1346 2823 Pit·

324 2860 420 2968 seus,
437 2861 600 2964 Vollius,
617 2859 869 2963 whartonus,
886 2860 1040 2971 aliique.
1085 2867 1175 2948 Nec
1200 2869 1256 2951 est
1275 2896 1343 2954 cut

324 2984 553 3070 dubitesde
576 2983 729 3065 illorum
757 2983 1006 3100 audloritate,
1033 2986 1095 3070 vel
1109 2987 1259 3095 innuas,
1287 3012 1343 3074 te·

324 3108 647 3219 methaudscire,
666 3137 730 3211 an,
753 3137 838 3218 quae
850 3108 923 3191 hac
940 3110 989 3191 de
1002 3137 1046 3193 re
1060 3110 1243 3218 dixerint,
1266 3115 1340 3199 fint

181 3332 200 3353 ἱ
324 3261 416 3319 vera
442 3230 592 3315 omnia
640 3230 823 3314 Ausculta
849 3232 994 3339 paucis,
1021 3236 1183 3341 &scies
1207 3242 1342 3342 omnia

322 3360 507 3469 profecto
526 3355 683 3439 veritati
706 3357 782 3438 effe
802 3384 986 3469 congrua.
1025 3362 1214 3468 Qamvis
1234 3365 1339 3448 enirn

152 3479 155 3489 ’
322 3483 460 3567 Baleus
479 3481 519 3562 in
539 3481 670 3563 multis
684 3479 730 3563 fit
752 3482 934 3587 mendax,
962 3484 1004 3566 in
1026 3485 1103 3568 hoc
1129 3504 1261 3569 tannen
1276 3488 1341 3573 de·

321 3609 399 3718 cipi
427 3605 659 3716 nequidem
685 3609 830 3714 potuit.
881 3628 1021 3718 utpote
1054 3614 1119 3722 qui
1147 3612 1338 3699 Codicem

164 3833 167 3838 ¹
307 3738 492 3853 ejusdem
513 3739 815 3848 manuscriptum
836 3741 1000 3832 viderat.
1036 3743 1141 3827 unde
1162 3757 1203 3829 &
1224 3751 1339 3831 meri-

200 3899 203 3920 ·
320 3876 368 3950 to
390 3861 527 3945 eadem
551 3862 593 3943 in
617 3890 661 3944 re
687 3855 811 3970 ipsum
831 3866 979 3952 secutus
1006 3870 1062 3952 est
1084 3871 1241 3977 Pitseus,
1269 3877 1335 3984 qui

168 4026 171 4041 =
319 3986 480 4098 alioqui,
510 3986 670 4070 Baleum
684 3988 842 4071 maximi
858 3990 1077 4078 faciendum
1095 3998 1185 4101 effe,
1209 3994 1360 4080 neuti'

257 4107 263 4116 ’
317 4138 433 4229 quarn
444 4110 605 4198 censuit.
634 4108 794 4202 Viderat
806 4113 940 4221 etiam,
954 4116 995 4202 ni
1006 4117 1134 4226 fallor,
1144 4119 1225 4230 ipse
1237 4119 1334 4207 Vos-

1240 4241 1326 4329 sius.
