3000 5075
207 492 211 497 ·
304 455 1075 542 HrsronrtEovnnoiPnrrnn
1235 447 1367 559 1¹19¹

171 634 360 694 mortem,
379 612 540 711 Cumque
553 610 709 710 praedic'ti
720 614 845 686 Comes
857 612 1201 689 etThesaurariusad.
1225 615 1268 682 A.
1285 615 1332 683 D.

181 730 297 821 partes
308 720 528 819 perrexissent
544 717 709 812 australes,
725 745 765 794 ut
781 721 1008 795 Parliamento
1023 726 1130 816 Regis
1143 725 1197 797 in·
1233 717 1326 788 η97·

180 828 305 903 terelle
327 826 469 927 possent,
493 826 587 927 quod
603 831 640 901 in
657 829 757 904 Festo
773 832 885 904 Sani'ti
905 835 999 905 Petri
1012 831 1199 909 Advincula
1316 887 1318 892 s

180 938 378 1019 Londoniis
391 938 583 1031 tenebatur,
594 939 701 1012 nichil
715 942 796 1013 mali
811 939 1014 1039 suspicantes
1028 949 1062 1017 in
1072 945 1197 1040 Scotis,

172 1074 263 1127 ¹ecce
277 1048 431 1151 praedioii
450 1047 550 1123 'dno‘
563 1049 733 1127 Willelmi
746 1077 824 1125 cum
837 1053 965 1151 populo
976 1054 1131 1151 perverso
1139 1084 1197 1132 ve·
1255 1049 1261 1071 ³

178 1164 329 1253 pientes,
343 1155 545 1252 credebant,
563 1157 597 1232 se
611 1164 764 1243 invenire
778 1161 871 1262 polle
883 1167 1110 1267 Julliciarium
1124 1152 1196 1243 Ress
1238 1154 1240 1157 ⁵
1287 1234 1290 1239 .

175 1272 234 1371 gis
248 1271 352 1344 nostri
368 1271 566 1372 praedioium
579 1268 669 1370 apud
682 1273 807 1364 Seone,
830 1272 889 1346 ubi
907 1274 1135 1370 placitarent,
1158 1299 1197 1351 et

177 1400 220 1453 ut
235 1406 313 1455 eum
328 1384 535 1480 perimerent
545 1378 758 1475 festinabant,
768 1382 836 1483 ipse
852 1404 965 1456 tamen
978 1391 1196 1482 praernunitus

178 1513 259 1563 cum
275 1489 475 1565 difficultate
488 1488 600 1581 evasit,
615 1491 810 1588 relinquens
826 1491 975 1567 hostibus
986 1492 1093 1591 spolia
1107 1497 1196 1570 mul-

178 1619 229 1676 ta.
257 1598 392 1693 Qibus
408 1599 569 1690 collectis,
579 1600 649 1698 jam
662 1626 731 1671 non
744 1603 780 1673 in
795 1593 948 1693 occulto,
964 1623 1002 1676 ut
1015 1606 1121 1702 ptius,
1135 1603 1195 1678 sed

179 1711 292 1812 palam
306 1711 547 1813 promiserunt,
571 1710 817 1786 concludentes
829 1716 866 1785 in
879 1738 939 1784 ore
953 1709 1058 1804 gladii
1075 1738 1196 1789 omnes
1230 1755 1232 1759 ·
1258 1761 1263 1773 ·

172 1824 356 1933 pinglicos,
373 1848 460 1924 quos
478 1823 567 1895 ultra
583 1847 673 1893 mare
688 1825 816 1896 Scociae
834 1827 984 1898 invenire
1000 1844 1205 1924 potuerunt,
1294 1900 1297 1904 .

177 1933 389 2010 divertentes
407 1934 442 2009 se
464 1936 575 2034 postea
597 1933 640 2006 ad
662 1932 875 2010 obsrdionem
898 1936 1093 2012 castrorum.
1135 1943 1197 2012 In·
1227 1986 1229 1994 ι

176 2047 283 2116 terim
304 2044 386 2119 dum
405 2044 488 2118 talia
505 2063 715 2137 gererentur,
740 2044 950 2119 Karliolens‘
964 2045 1138 2147 episcopus
1158 2071 1195 2122 et

175 2156 287 2227 ceteri
303 2157 381 2248 viti,
398 2159 459 2254 qui
475 2181 552 2230 cum
566 2179 609 2226 eo
619 2175 714 2227 erant
728 2157 763 2226 in
775 2153 928 2252 praesrdio
939 2160 1097 2232 Civitatis
1107 2158 1193 2258 ejus·

175 2259 311 2338 demet
326 2266 445 2356 Castri,
472 2267 634 2337 timentes
647 2262 693 2335 de
709 2262 938 2338 'infidelitate
952 2286 987 2337 et
1002 2267 1192 2340 inconstan-

165 2379 231 2450 cia
241 2381 383 2473 Domini
393 2378 539 2452 Roberti
552 2376 597 2449 de
606 2379 880 2476 Brustunioris‚
887 2379 1034 2450 Comitis
1044 2378 1089 2451 de
1101 2386 1192 2454 Kar·

175 2487 246 2580 rik,
259 2485 456 2576 ³miserunt,
467 2504 625 2561 vocantes
636 2508 728 2575 eum,
737 2504 775 2556 ut
787 2506 882 2558 certo
896 2485 955 2559 die
966 2488 1110 2579 veniret,
1120 2508 1191 2560 tra·

175 2602 328 2676 &iturus
347 2625 424 2673 cum
439 2601 488 2670 eis
504 2597 549 2669 de
565 2598 715 2688 negociis
730 2600 849 2688 Regis,
873 2594 1048 2670 fi⁴tamen
1065 2601 1101 2670 in
1118 2599 1191 2672 fide

174 2706 281 2810 ipfius
295 2710 402 2801 Regis
414 2701 656 2805 perseverando
666 2724 828 2775 maneret.
865 2704 940 2796 Qi
955 2703 1121 2780 mandatis
1135 2730 1190 2779 re·

173 2801 286 2893 fillere
301 2842 372 2890 non
390 2814 528 2905 audens,
545 2814 639 2918 venit
654 2811 698 2885 nd
715 2809 824 2912 ipsum
837 2810 932 2884 diem
946 2838 1022 2885 cum
1038 2813 1112 2913 ipso
1125 2843 1190 2915 po-¹
1232 2821 1235 2833 “
1285 2825 1289 2838 ’

175 2930 262 3034 pulo
274 2926 477 3018 Galewaliae,
502 2947 538 2997 et
553 2926 649 3024 super
664 2922 876 2999 Sacrosani'ra
885 2927 1040 3000 Mistetia
1049 2929 1188 3026 juravit,

172 3067 212 3124 et
225 3042 324 3143 super
335 3037 497 3114 Gladium
507 3039 618 3111 Sancti
629 3036 776 3110 Thomae
783 3039 1010 3136 juramentum
1023 3042 1187 3136 prestitit,

174 3152 272 3253 quod
289 3152 380 3243 Regi
396 3150 509 3223 nostro
522 3168 558 3219 et
574 3144 641 3218 suis
655 3166 777 3219 contra
789 3149 923 3239 Scotos,
939 3168 975 3221 et
988 3176 1107 3225 omnes
1120 3156 1188 3227 ioi-

174 3266 286 3337 micos
305 3259 397 3355 suos,
420 3259 572 3332 fideliter
589 3253 743 3328 affisteret
767 3258 801 3329 in
821 3257 967 3332 confiliis
986 3280 1021 3332 et
1039 3264 1188 3354 auxiliis,

172 3372 389 3470 dampnaque
405 3367 482 3443 ’sua
507 3365 690 3468 impediret
710 3370 927 3465 inquantum
951 3368 985 3442 se
1005 3370 1114 3470 pollet
1130 3371 1189 3450 sua

173 3479 318 3556 facultas
343 3478 527 3556 extendere
534 3513 547 3567 3
572 3474 733 3576 factoque
755 3479 961 3576 juramento,
985 3482 1132 3559 reversus
1149 3488 1189 3557 io
1220 3502 1228 3530 ’·

172 3593 292 3666 locum
306 3588 414 3681 suum,
436 3612 473 3665 ct
489 3610 692 3682 congregato
710 3587 837 3687 populo
855 3610 894 3661 ut
907 3589 1057 3663 colorem
1074 3592 1188 3684 finge.
1310 3587 1315 3592 ’

172 3726 241 3793 ret,
266 3704 418 3801 procellit
441 3707 476 3777 in
499 3724 604 3777 terras
621 3697 775 3801 praediili
792 3697 961 3774 Willelmi
985 3702 1125 3796 Duglas,
1148 3725 1186 3778 et

215 3943 229 3985 1
255 3920 292 3984 ld
308 3912 360 4006 est,
379 3921 522 3986 domino.
559 3916 617 3983 Sed
632 3912 781 3997 legendum
801 3908 878 3994 duo,
901 3930 961 4002 cem
975 3914 1015 4007 ῼ.
1032 3914 1066 3973 Τ.
1079 3910 1119 3981 ό·
1132 3915 1181 3979 Tr.
1292 3932 1295 3937 “

173 4035 193 4080 2
213 4010 390 4095 Fi‘cielitate¹
398 4028 431 4077 et
448 4010 624 4076 constantia
637 4012 672 4071 T.
684 4002 724 4075 ό*
738 4008 788 4069 Tr.
832 4023 848 4085 3
871 4000 1029 4068 Miserunt
1042 4004 1183 4088 nuntios,

171 4107 381 4268 popmdtyesrz'.
411 4105 495 4187 4Sic
508 4109 574 4168 MS.
602 4099 689 4172 Turn
702 4102 735 4165 T.
762 4095 874 4163 Trin.
917 4093 1053 4179 5lpfiur
1065 4095 1185 4178 prosus

1092 4310 1180 4386 {211⁸-
