3000 5075
277 448 551 532 Hrsuonre
572 451 820 532 Eovnnnr
848 450 1095 541 Stouuor.
1234 487 1315 558 255
1351 540 1355 562 ί

183 601 247 669 eins
262 601 470 701 Duneimenpie
484 605 541 674 lab
542 606 592 674 eit
599 601 691 696 βιιιιι
698 586 861 699 pacificam
874 605 1082 702 rifitarimem,
1101 594 1197 696 quei
1228 611 1271 677 A.
1289 612 1336 678 D
1337 621 1339 626 '

183 694 287 786 multis
308 722 464 788 retrtaiiis
486 717 663 810 temporibus
682 715 794 809 fuerat
816 719 1012 792 contradicta.
1056 718 1200 790 Interim
1236 712 1329 776 ¹3¹¹·

186 821 359 892 Dominus
373 817 668 918 Archiepiscopus,
685 845 726 892 ex
744 842 914 918 precepto
929 823 1073 893 Domini
1091 846 1199 921 papie,

182 954 260 1003 cum
280 931 429 1029 quodam
455 932 585 1009 Abbete
610 940 648 1006 &
674 958 744 1004 uno
771 932 1038 1024 Archidiacono,
1064 959 1150 1034 quos
1176 942 1198 1010 e

183 1039 414 1131 transmarinis
437 1044 588 1140 partibus
607 1048 777 1117 Dominus
794 1070 877 1143 papa
897 1043 940 1116 ad
956 1044 1027 1117 haec
1044 1042 1199 1144 speciali·

182 1173 234 1224 ter
249 1149 487 1241 transmiserat,
502 1152 587 1225 fecit
601 1151 803 1246 singularem
821 1152 1080 1251 inquifitiouem
1097 1163 1115 1231 ὲ
1130 1156 1198 1231 fin-

182 1261 270 1352 gulrs
279 1262 476 1388 templarns
486 1287 521 1336 et
533 1290 716 1338 exammau
707 1263 816 1338 fecrt
827 1292 1102 1368 unumquemque
1111 1290 1208 1373 tems
1236 1287 1239 1291 ’

184 1375 331 1474 placium
347 1403 406 1476 per
424 1351 458 1453 se
469 1375 567 1477 super
585 1379 772 1482 premiffis
761 1405 797 1451 rn
811 1377 1000 1479 supradicta
1010 1380 1099 1453 bulla
1112 1407 1198 1454 eon-

183 1490 297 1569 tentis
340 1486 505 1587 Mifitque
531 1488 573 1562 ad
594 1487 720 1583 fingula
741 1489 939 1562 monasteria
960 1497 1000 1563 &
1022 1489 1066 1562 ad
1090 1494 1200 1584 magi

185 1595 268 1666 stros
283 1597 467 1697 theologiae
482 1603 590 1672 totius
604 1602 789 1697 provinciae
804 1596 881 1689 suae,
897 1621 1010 1682 certos
1005 1603 1209 1695 articulos,

184 1700 422 1801 {quibusdam
448 1704 634 1804 templariis
655 1702 868 1794 confellatos,
892 1704 990 1804 super
1007 1705 1129 1807 quibus
1146 1707 1202 1782 us·

151 1863 153 1867 -
186 1837 254 1912 que
275 1814 319 1886 nd
341 1814 540 1888 Concilium
563 1811 656 1887 suum
676 1817 884 1914 provinciale
905 1823 1066 1916 praecepit
1087 1824 1136 1894 eis
1155 1820 1201 1894 li·
1290 1914 1293 1918 Δ

183 1921 264 1997 bros
281 1924 471 2016 consulere,
487 1929 548 2000 &
538 1951 572 2009 m
588 1923 710 2007 eodem
729 1926 880 1998 concilio
897 1927 940 1998 ad
955 1925 1202 2019 singulosarti·

182 2034 279 2106 culos
295 2033 480 2112 consultius
498 2033 714 2133 respondere.
760 2035 906 2108 Articuli
923 2061 1002 2107 vero
1019 2059 1115 2110 erant
1131 2040 1199 2113 isti.

183 2145 329 2248 Qidam
340 2138 376 2220 de
387 2151 555 2241 templariis
567 2147 706 2240 apadEb
707 2151 969 2220 ornmexaminari
971 2145 1198 2255 ,cenfefflsant,

183 2257 261 2346 qaod
274 2282 401 2351 magnus
415 2257 552 2352 magisser
567 2258 677 2329 melinis
678 2257 864 2352 ,ιὶβιιιιιιιι
879 2255 918 2330 &
927 2278 1130 2367 preceptores,
1143 2265 1199 2352 qui

176 2361 252 2456 sant
268 2368 342 2436 iaici
354 2363 395 2452 &
408 2369 531 2459 quidam
543 2390 643 2439 earnm
660 2369 786 2453 milites,
797 2365 914 2458 paffimt
922 2340 1043 2459 fratres
1052 2368 1125 2461 setas
1140 2372 1197 2440 ab·

175 2473 344 2567 saltere&
364 2503 410 2549 ιιι
425 2504 444 2548 a
446 2476 600 2574 isolannt
591 2503 623 2549 rr
636 2481 779 2571 capitale,
795 2482 1019 2571 injungendo
990 2505 1035 2551 ers
1054 2484 1198 2573 'patien-

184 2586 263 2655 tiam
287 2607 343 2678 pra
364 2590 511 2679 peccatis.
555 2587 730 2687 Qeritnr,
760 2604 862 2656 atrum
888 2611 926 2657 ex
946 2589 1013 2656 iac·
1027 2587 1196 2683 confessicae

177 2690 285 2787 palliat
311 2691 349 2766 Θ
372 2698 498 2768 deleant
522 2717 670 2789 tanquam
695 2697 821 2767 heretici
842 2697 1072 2790 condempnari?
1113 2702 1194 2771 Item

185 2798 301 2897 canfeffi
309 2796 395 2895 sunt,
417 2805 493 2895 quod
502 2802 622 2897 fratres
638 2806 720 2877 iliius
738 2800 961 2898 ordinirstatim
976 2808 1009 2875 in
1022 2803 1194 2900 admissione

175 2904 236 2996 sna
245 2909 320 3003 sunt
327 2909 455 3009 proseffi,
471 2933 503 2985 et
513 2914 591 3005 quad
599 2917 712 3000 ierant
722 2912 757 3008 βι
772 2937 828 3013 nan
840 2917 923 2984 exire
934 2916 1066 2984 ordinem
1071 2911 1136 3006 fine
1149 2916 1192 2983 tt-

184 3025 285 3112 tentia
296 3028 358 3111 ejas
371 3030 421 3117 qai
435 3051 503 3098 eam
515 3029 586 3098 dere
597 3025 700 3120 potest.
734 3024 909 3130 Qritnr,
923 3041 1023 3094 utram
1035 3024 1134 3119 Ιιιιβι
1143 3052 1193 3098 er-

183 3156 317 3225 roneum,
333 3156 365 3206 ιι
369 3136 397 3229 β
403 3135 459 3232 βι,
474 3137 678 3231 ’antesapiat
691 3137 861 3207 hereticam
868 3138 1080 3225 pravitatem?
1113 3123 1209 3210 rtem

180 3243 196 3283 ³
203 3240 335 3339 confessu
338 3243 422 3337 sunt,
432 3246 508 3337 quai
520 3246 551 3314 in
563 3247 728 3336 receptione
734 3240 871 3335 fratrum
883 3265 940 3311 nan
949 3242 1055 3314 debent
1065 3239 1120 3334 ιβι
1131 3249 1196 3315 aii·

183 3358 235 3446 qni
247 3354 402 3447 presentes
419 3355 607 3451 nififratres.
649 3360 695 3429 Et
707 3359 783 3449 quad
796 3358 894 3442 nudes
907 3358 1083 3448 receptionis
1095 3381 1195 3432 eoram

182 3463 223 3561 ιβ
232 3465 398 3558 deferretis
409 3471 557 3560 Capituli,
570 3470 644 3538 adeo
656 3471 733 3560 quad
744 3494 799 3538 nec
812 3468 924 3561 poffant
935 3493 989 3540 net
1005 3472 1111 3570 riebent
1123 3497 1193 3545 eam

183 3584 337 3651 extraneis
350 3587 508 3655 revelare?
543 3580 718 3684 Qeritnr,
737 3598 841 3650 atrum
856 3578 976 3673 istndfit
989 3582 1125 3653 illicitam
1140 3586 1191 3656 rei

182 3699 354 3763 emmerami
398 3693 443 3761 Et
458 3708 557 3762 utram
571 3688 811 3782 tamfirspicianis
827 3705 931 3757 contra
947 3689 1079 3758 ordinem
1096 3714 1191 3781 quarn

182 3802 284 3871 modas
298 3798 482 3897 prafefflmis
505 3800 588 3890 inse
613 3803 764 3871 contineat
784 3798 956 3880 hereticam
976 3796 1189 3886 pravitateml

182 3911 273 3993 Item,
298 3911 376 4000 qnod
390 3908 479 4001 super
490 3911 587 3999 primo
603 3908 732 3996 articulo
749 3907 786 3975 de
801 3902 981 3995 abfitiutione
997 3899 1192 3993 impendenda

182 4010 203 4087 i
219 4022 309 4106 laico,
333 4021 419 4093 multi
432 4021 468 4089 eie
484 4021 650 4111 templariis
667 4019 817 4107 deponunt
832 4014 1029 4101 crameriam,
1047 4012 1191 4098 dicenter,

225 4211 297 4267 1F
310 4207 545 4288 poenitentiam.
587 4205 684 4273 zSic.
708 4200 884 4277 Ennium
899 4201 1052 4267 arienne.
1096 4200 1189 4285 3Sic.

180 4302 223 4366 L
236 4295 378 4361 confesti.
466 4347 472 4352 .
1114 4291 1193 4385 qm
