3000 5075
179 469 275 530 XCW

497 444 1133 550 PRAEFATIO.

311 628 397 703 rum
419 623 474 705 est
500 644 740 732 quantopere
756 628 924 710 lectores
939 626 1134 711 fefellerit.
1153 630 1321 741 Qanrss.

284 742 292 749 ’
309 745 449 830 obrem
464 747 652 831 veriffime
668 748 787 856 dicas,
806 751 1105 863 innumerabiles
1118 751 1221 860 apud
1234 778 1310 861 eum

311 873 388 954 effe
411 874 569 958 fabulas.
632 877 996 979 verumenimvero
1025 889 1065 961 δε
1090 877 1316 991 eonomine

310 999 609 1107 reprehensione
628 1002 864 1114 digniffimus
891 1005 946 1084 est
971 1004 1121 1107 Baletus,
1145 1001 1252 1112 quod
1272 1000 1319 1085 de

311 1127 401 1208 viris
422 1125 660 1210 sanctissimis
675 1129 974 1239 aliquammultis
995 1120 1317 1211 contume'lioliffi·¹

171 1289 175 1297 ·
310 1279 376 1332 me
395 1250 596 1360 scripserit.
631 1253 792 1361 perinde
807 1253 1108 1336 acsrhominum
1123 1246 1315 1358 bipedum·

281 1372 286 1381 “
311 1405 358 1458 ve
376 1378 497 1461 essent
517 1381 743 1490 nequissimi,
763 1381 853 1490 quia
869 1382 919 1462 ab
932 1380 1013 1461 aliis
1037 1375 1319 1495 audoribusob

312 1502 404 1583 vitae
422 1504 690 1616 integritatem
706 1505 952 1611 sempiternae
965 1501 1111 1611 'gloriae
1127 1524 1317 1583 commen·

305 1626 463 1720 dantur.
508 1638 595 1712 Imo
617 1658 667 1712 eo
689 1628 869 1738 proceffit
890 1625 1061 1710 audaciae
1079 1642 1208 1735 atquc·
1222 1623 1318 1709 inso-

311 1751 454 1860 lentite,
479 1775 523 1836 ut
536 1756 639 1836 viros
653 1755 771 1836 etiam
785 1753 957 1860 optimos
972 1744 1094 1832 srrr'rias
1111 1748 1319 1856 appellare·

311 1878 376 1979 rit,
386 1905 436 1958 ne
450 1878 541 1987 quid
554 1875 679 1961 dicam
693 1878 742 1961 de
753 1878 835 1960 aliis
850 1873 1230 1984 nominibus‚quibus
1241 1871 1328 1957 usut'
1361 1934 1362 1995 r

311 2002 367 2082 est
387 2003 427 2082 in
441 2002 624 2110 operibus
639 2002 728 2108 suis,
754 1999 1063 2114 quotiescunque
1081 1995 1131 2078 de
1157 1996 1320 2091 homini·

309 2120 395 2229 bus,
413 2130 534 2210 vitam
547 2130 749 2213 asceticam
763 2125 1086 2233 monasticamque
1100 2123 1320 2233 agentibus,

308 2253 461 2339 locutus
473 2257 601 2343 fuerit
643 2261 733 2370 Qa
749 2255 802 2337 de
815 2253 937 2337 caussa
949 2265 989 2336 ὅτ
1002 2244 1064 2340 alii
1080 2249 1223 2333 itidem
1237 2249 1329 2335 scriss·

308 2399 441 2487 ptores
462 2384 609 2493 aliquot
634 2385 720 2470 sunt
741 2378 934 2488 culpandi,
963 2376 1318 2488 quomodocunque
1345 2458 1348 2467 .

306 2505 507 2613 virtutum,
537 2510 674 2618 quibus
698 2504 879 2590 monachi
894 2501 1161 2607 abundabant,
1188 2509 1348 2610 exper·'

308 2652 380 2715 tes.
409 2635 569 2742 perinde
583 2636 664 2718 acsi
679 2636 870 2725 homines,
879 2633 1050 2741 quietem
1063 2650 1182 2749 atque
1194 2631 1318 2742 otium
1343 2632 1345 2636 ’

308 2759 443 2863 secuti,
456 2782 563 2844 totos
578 2762 617 2843 se
632 2764 680 2844 ad
695 2764 883 2871 pietatem
897 2787 940 2841 ac
956 2758 1187 2869 religionem
1201 2758 1320 2841 bona·

308 2885 469 2994 rumque
487 2888 606 2967 etiam
630 2889 850 2970 litterarum
872 2885 1138 2993 cognitionem
1155 2885 1326 2967 transfo·

307 3035 451 3116 rentes,
480 3012 662 3122 ignavum
691 3015 807 3123 plane
834 3010 906 3093 smt
933 3008 1062 3115 pe'cuq
1089 3019 1130 3091 ὅτ
1163 3013 1187 3092 a
1216 3031 1319 3092 tetra

305 3131 437 3219 nostra
459 3139 673 3250 Anglicana
691 3138 826 3247 procul
847 3133 1048 3244 abigendi:
1078 3132 1184 3215 secus
1201 3145 1319 3245 atque

301 3263 522 3373 judicarunt
536 3266 735 3376 perplures
752 3272 776 3347 ὲ
790 3264 996 3364 veteribus,
1013 3263 1079 3372 qui
1094 3261 1133 3343 in
1150 3289 1200 3343 ea
1213 3262 1318 3373 equi·

303 3389 394 3472 dem
407 3392 563 3475 fuerunt
575 3390 782 3495 sententia,
806 3415 847 3474 ut
869 3391 1135 3493 existimarint,
1155 3388 1321 3497 ejusmo'

303 3512 344 3596 di
367 3518 499 3621 vitam,
523 3544 609 3626 quae
628 3521 790 3625 propter
809 3516 1141 3627 tranquillitatem,
1168 3525 1316 3621 &pro-

303 3662 393 3748 pter
408 3644 518 3754 ipsius
536 3644 704 3727 scientiae
720 3650 824 3751 (nam
840 3647 1040 3729 scientiam
1059 3638 1244 3749 expedite
1257 3667 1316 3722 ac·

302 3770 404 3877 quiri
415 3774 623 3854 censebant
644 3771 758 3851 evita
773 3770 946 3877 privata)
973 3768 1217 3869 suavitatem,
1241 3792 1313 3876 qua

301 3896 400 3976 nibil
428 3900 483 3979 est
500 3883 721 3998 hominibus
740 3893 957 4004 jucundius,
986 3893 1145 3977 maximi
1168 3891 1311 3975 sacien-

303 4017 393 4100 dam
417 4021 504 4121 esse,
533 4018 689 4129 aliisque
714 4020 833 4100 etiam
860 4019 999 4101 multas
1022 4019 1076 4114 ob
1099 4016 1242 4109 caussas
1265 4017 1315 4098 vi·

304 4144 419 4234 vendi
436 4146 649 4229 rationibus
666 4140 976 4249 anteferendam,
1001 4164 1142 4252 utpote
1159 4170 1247 4254 quae
1260 4141 1317 4229 vi·
1349 4253 1352 4260 Ι

1267 4293 1318 4350 ris
1337 4315 1342 4336 ··
