3000 5075
578 808 1014 986 Abbreoiaturae.
1106 744 1109 751 ι

294 1026 350 1097 Ar.
368 1020 479 1096 aliter.

293 1134 338 1204 Ε.
353 1135 387 1211 S..
415 1129 590 1228 Edrptdus
604 1130 854 1226 stillingfletus.

292 1244 323 1313 F.
351 1243 464 1314 For-te.

292 1353 338 1426 L.
367 1355 474 1445 Lege.

290 1462 372 1536 MS.
390 1467 467 1535 Coti.
481 1463 571 1537 Arm.
594 1471 633 1538 &
649 1465 729 1538 MS.
747 1467 785 1536 C.
803 1466 894 1540 Arm.
934 1459 1206 1558 Manuscriptum
1219 1460 1302 1540 ,coi-

337 1569 420 1661 legii
434 1576 624 1642 Armorum.
653 1568 747 1668 quod
766 1594 1008 1669 nonnunquam
1021 1571 1125 1640 etiam
1143 1565 1304 1641 hiscelit·

338 1679 421 1749 tetis
442 1676 522 1749 MS.
542 1674 719 1770 signamus.
768 1681 900 1775 Neque
924 1675 1011 1768 alius
1033 1676 1080 1748 est
1104 1671 1223 1746 Codex
1243 1677 1304 1746 iste

338 1801 442 1881 atque
468 1781 590 1857 Codex
606 1780 882 1872 Arundellianus,
907 1779 971 1856 five
988 1789 1048 1857 Ar.
1068 1803 1169 1876 quem
1190 1789 1303 1852 ta'nto-

336 1912 417 1988 pere
434 1888 546 1987 paffim
564 1892 599 1960 in
616 1888 812 1989 Appendice
826 1887 1014 1971 laudamus.
1052 1888 1149 1980 Qin
1167 1894 1206 1960 &
1220 1889 1299 1958 MS

323 1993 437 2084 vulgo
451 1992 594 2067 denotat
610 1995 775 2070 Codicem
792 1993 1021 2113 cuiuscunque
1036 1995 1169 2084 generis
1183 2016 1302 2062 manu·

338 2095 518 2197 scriptum3
543 2128 652 2200 quam
663 2101 808 2202 proinde
824 2104 939 2177 uotam
957 2110 994 2175 &
1011 2098 1091 2173 alibi
1114 2102 1220 2190 etiam
1236 2097 1302 2169 hoc

336 2205 372 2276 in
388 2228 492 2302 opere
509 2201 715 2307 usurpamus

287 2311 388 2384 MSS.
417 2309 564 2384 Codices
579 2309 812 2410 manuscripti.

285 2415 477 2492 ocodex
503 2413 763 2512 Heniingfordii
787 2398 1029 2514 manuscriptus
1054 2414 1091 2484 in
1113 2410 1305 2486 Bibliothe-

201 2606 202 2609 ,
336 2552 375 2599 ca
392 2528 543 2600 Comitis
560 2523 765 2604 Oxoniensrs
781 2523 928 2602 Eduardi
946 2524 1108 2598 Hatleii.¹

285 2634 438 2729 Stiilittgfl.
466 2631 713 2729 stillingfletus.

285 2745 323 2814 T
352 2744 555 2916 Tpnnetim
532 2743 764 2855 apographum
787 2740 868 2838 cuju
869 2737 961 2814 idam
983 2720 1208 2830 manuscripti
1223 2738 1302 2809 vitae

286 2842 590 3031 liiidiiiddchrd
608 2948 695 3025 Triu.
730 2952 848 3027 Codex
864 2950 1107 3054 manuscriptus
1129 2952 1300 3041 Heming-

263 3063 471 3137 fordii
460 3091 495 3136 ro
513 3060 725 3135 Bibliotheca
746 3061 895 3154 Collegii
919 3061 1103 3134 Trinitatis
1120 3055 1299 3131 Cantebti·

295 3255 299 3262 .
336 3174 412 3264 εῖτ·
555 3265 557 3270 .

383 3366 476 3438 Alias
501 3360 728 3433 abbreviaturas
751 3362 1021 3449 pretermittimus,
1046 3360 1152 3450 quippe
1179 3378 1242 3447 qua
1264 3353 1300 3448 se

429 3466 491 3569 ipsu
505 3468 660 3559 explicant
673 3461 690 3535 i
702 3470 779 3538 attis
795 3467 837 3538 ad
852 3469 947 3538 iurum
956 3466 1072 3555 pagiua
1088 3458 1199 3554 nostris.

681 3728 892 3886 W
1002 3700 1006 3709 ,
