3000 5075
233 465 311 542 ²4²
429 440 1012 524 W.Huuruuroun·1'aus'
1038 441 1280 549 anau

214 605 257 670 Α.
276 605 320 670 Ι).
349 617 509 671 voverunt
525 622 642 670 manns
658 599 693 668 in
709 597 835 670 coelum
852 597 996 672 univerii
1016 603 1082 697 qui
1103 599 1259 695 aderant,
1283 626 1356 702 pra·

222 707 311 770 ¹3⁰7·
351 729 508 807 terquam
522 706 592 778 duo
605 708 722 778 nuncii
735 705 831 794 niffi,
844 728 959 780 comes
971 704 1110 782 seilicet
1119 712 1317 785 Lancastriae
1326 719 1359 787 ’δε

348 821 519 891 Dominus
534 822 639 908 Hugo
653 815 686 887 le
703 813 898 914 Desponser.
949 821 995 889 Et
1010 843 1129 893 comes
1144 819 1193 893 od
1214 844 1291 894 eos:
1313 845 1359 897 cor

349 953 419 1003 rum
432 934 541 1002 emeris
558 950 666 1000 manus
680 952 738 998 non
756 931 895 1015 elevetis,
923 953 1019 1003 nonne
1034 931 1191 1027 nobiscum
1202 952 1293 1024 peres
1308 931 1360 1028 nil

350 1038 390 1115 m
402 1038 549 1134 consortes
562 1042 594 1108 in
606 1045 723 1130 regno?
748 1042 834 1113 vitot
846 1041 1008 1127 Dominus,
1015 1039 1044 1135 fi
1056 1040 1215 1136 nobiscum
1231 1068 1285 1114 nm
1296 1066 1359 1114 rm·

344 1149 510 1247 senseritis,
535 1151 620 1221 eritis
643 1150 720 1220 nobie
745 1153 886 1221 extranei
903 1170 936 1222 et
960 1152 1046 1248 quofi
1067 1157 1227 1245 capitales
1243 1155 1354 1225 inimici.

350 1266 393 1334 At
414 1261 544 1347 nuncii,
558 1261 699 1352 percotis
713 1260 803 1344 nobie,
817 1261 958 1348 Domine,
973 1264 1048 1353 quia
1057 1280 1119 1352 pro
1132 1264 1273 1333 utilitate
1286 1264 1359 1356 regni

304 1360 309 1369 ⁴
348 1371 497 1468 vobiscum
508 1371 626 1466 semper
642 1371 756 1439 erimus
768 1368 1020 1463 infilessolile53
1037 1372 1100 1464 set
1115 1375 1196 1465 quia
1214 1374 1253 1444 le
1265 1376 1358 1445 runo·

316 1572 319 1579 ἱ
348 1501 415 1553 rate
432 1485 511 1575 regis
529 1482 657 1555 nonlrrm
670 1479 793 1576 corgitu,
817 1500 999 1561 revertemur
1016 1483 1059 1552 al
1076 1508 1161 1570 eum,
1190 1485 1357 1580 omnificrli-

347 1615 412 1662 mus
428 1616 479 1663 nos
494 1590 603 1685 absque
620 1592 684 1661 vlle
699 1613 793 1660 moro.
834 1587 1069 1686 Abieruntque
1088 1598 1128 1663 &
1143 1590 1264 1665 reverti
1280 1589 1356 1684 sunt,

345 1699 501 1773 dicentes
516 1726 557 1771 ex
579 1718 672 1799 parte
689 1700 792 1790 regis,
818 1696 915 1795 quod
936 1695 1051 1770 noluit
1069 1724 1131 1774 eos
1150 1726 1216 1775 rex
1231 1701 1355 1775 ulterius

285 1901 288 1907 ,
346 1806 489 1902 fatigare
505 1807 547 1882 ad
565 1804 717 1905 praesens,
732 1803 792 1877 sed
804 1830 881 1879 cum
893 1806 1090 1879 adionibus
1107 1813 1290 1901 gratiarum
1303 1833 1354 1881 te·

344 1942 553 1995 verterentur
573 1917 617 1992 ad
639 1920 775 2017 propria
799 1912 903 2016 usque
926 1920 961 1988 in
985 1917 1205 2015 quindenam
1224 1918 1354 1994 Pascha.

278 2095 283 2100 .
346 2037 394 2106 Et
404 2053 487 2104 tunc
500 2027 692 2102 Londoniis
707 2025 749 2107 ad
764 2025 1019 2126 parliamentum
1034 2022 1133 2102 suum
1150 2031 1308 2104 venirent
1318 2026 1355 2099 de

346 2142 515 2243 praemiffis
531 2140 716 2212 tradatnti.
1394 2222 1395 2227 ἵ

249 2338 255 2347 ¹
394 2261 435 2326 ln
451 2255 533 2329 Vita
551 2247 719 2351 patrissui
734 2246 855 2321 habuit
870 2274 929 2322 rex
943 2248 1119 2347 quendam
1137 2244 1354 2327 militemfibi
1392 2270 1396 2321 r

345 2359 632 2435 familiarissimum
657 2355 701 2427 de
716 2354 895 2433 wasconia
919 2357 1118 2436 oriundum.
1164 2385 1268 2459 quem
1287 2382 1352 2432 cum

344 2468 426 2545 effet
442 2473 596 2573 princeps
611 2466 757 2558 Walliae,
774 2466 866 2566 quali
882 2493 924 2541 ex
940 2468 1050 2541 nihilo
1066 2469 1296 2561 suscitaverat,
1317 2488 1349 2540 et
1393 2494 1396 2562 p

344 2607 407 2679 pro
424 2581 547 2652 amoris
571 2575 819 2669 magnitudine,
845 2601 915 2673 quo
932 2578 1056 2652 dilexit
1073 2586 1181 2671 eum,
1196 2608 1261 2680 pro
1275 2576 1352 2680 poffe

343 2693 525 2781 ditaverat,
540 2695 680 2765 Petrum
697 2687 740 2761 de
759 2689 961 2762 ¹Caberstoo
979 2697 1118 2790 proprie
1138 2700 1281 2770 nomine
1300 2720 1352 2768 oo-

343 2808 518 2876 minatum.
572 2806 675 2874 Hunc
692 2825 770 2873 cum
787 2798 898 2872 adhuc
915 2798 1049 2874 uberius
1068 2828 1277 2900 promovere
1293 2802 1352 2877 vel·

342 2915 403 3005 let,
419 2913 551 2986 vocavit
567 2909 610 2981 ad
627 2905 660 2980 se
678 2907 937 2982 Thesautarium
959 2915 1064 3007 patrie
1086 2912 1155 3007 sui,
1182 2943 1287 3016 quem
1303 2938 1351 3013 pa·

318 3048 395 3099 .ter
420 3023 494 3098 suus
511 3045 570 3093 rex
586 3018 797 3109 singulariter
814 3018 949 3111 dilexit,
974 3043 1009 3093 et
1028 3029 1048 3095 a
1065 3024 1200 3100 clerico
1219 3050 1350 3128 paupere
1392 3071 1397 3106 :

341 3138 446 3237 usque
462 3141 497 3210 in
513 3130 734 3234 episcopalem
745 3132 887 3225 gradum
900 3130 1025 3205 fecerat
1038 3145 1253 3231 promoveri.
1280 3148 1351 3213 Erat

342 3256 435 3326 enim
449 3246 621 3347 episcopus
638 3251 650 3286 ²
664 3245 799 3316 Cestriae
811 3253 848 3320 δι
865 3246 1042 3318 ordinator
1056 3256 1285 3343 negociorum
1298 3276 1349 3323 at·
1392 3235 1396 3240 ¹

340 3361 487 3432 duorum
509 3359 614 3426 totius
630 3356 739 3443 regni,
762 3352 847 3426 sieut
869 3356 972 3427 homo
989 3359 1202 3452 imaginosus
1223 3386 1261 3438 et
1280 3390 1348 3437 cau·

341 3469 495 3554 tulimus,
519 3467 654 3537 nomine
668 3469 680 3511 ³
692 3462 861 3539 Walterus
876 3463 921 3536 de
936 3469 1128 3557 Langeton.
1188 3473 1348 3571 Misrtque

343 3578 482 3653 eumad
499 3601 610 3669 regem
634 3597 762 3673 patrem
785 3574 877 3649 suum
896 3601 958 3675 pto
977 3577 1102 3652 eodem
1126 3588 1295 3675 negocio:
1318 3607 1348 3657 et

341 3689 433 3763 dixit
450 3691 536 3779 regi,
554 3690 683 3759 Domine
699 3691 741 3759 mi
756 3711 824 3772 rex,
839 3692 891 3759 Ex
901 3708 991 3781 parte
1005 3694 1135 3764 Domini
1154 3700 1215 3767 mei
1231 3699 1346 3771 Domini
1393 3707 1398 3776 j·

339 3803 485 3895 principis
492 3800 555 3892 filii
565 3795 649 3891 vestri
660 3800 769 3889 mium,
788 3801 862 3869 licet
875 3802 999 3887 inritus,
1012 3806 1113 3874 ⁴oivit
1128 3808 1292 3895 Dominus,
1310 3824 1346 3876 ot

379 4016 394 4059 1
418 3999 472 4060 Sic.
502 3996 599 4082 infra,
621 3996 797 4062 Caverston
813 3999 1055 4072 &Gaverstom
1097 4007 1270 4091 thuidern
1281 4004 1344 4070 Ga.
1395 3953 1398 4002 7

336 4083 712 4174 verstonfiveGaveston
727 4087 826 4169 vulgo.
867 4089 969 4171 2Vel,
992 4090 1175 4161 Cicestriae.
1220 4097 1342 4181 3Aliis,
1396 4127 1398 4132 ·

334 4178 484 4262 loannes.
524 4180 623 4262 4sr'r.
659 4183 693 4243 F.
704 4179 803 4245 vivat.
1337 4186 1339 4192 ’

1264 4284 1337 4380 pru

1382 4531 1400 4662 l
