3000 5075
197 527 251 607 μ
487 483 744 585 Ψηῗειι
783 487 1143 573 Huurucrono

173 666 217 732 Α,
235 666 280 730 D,
311 662 423 715 autern
435 646 606 721 Dominus
616 641 830 733 Edmundus,
841 641 901 715 sub
914 640 971 740 spe
981 640 1088 739 pacis,
1097 630 1313 713 diversimode

181 765 272 831 1²93·
311 757 467 829 tradavit
480 778 556 829 eum
569 758 666 849 Rege
682 754 842 830 Francia.
875 754 930 825 Ita
946 746 1043 850 quod
1059 747 1257 831 comuniter
1269 739 1316 817 di·

309 854 458 957 ceretnr,
467 864 576 959 Qod
587 869 667 946 Rex
680 866 790 939 noster
800 865 959 939 Sororem
971 866 1079 955 Regis
1094 860 1248 935 Francia
1262 852 1318 931 du·

310 994 403 1045 reret
420 976 456 1045 in
473 999 625 1064 uxorem,
642 993 676 1049 er
689 977 803 1047 omnia
821 970 1064 1071 ¹sopnirentur.
1105 969 1255 1047 Interim
1267 966 1318 1041 Se·

309 1077 473 1157 nescallus
490 1086 597 1175 Regis
613 1083 740 1177 Angiiae
757 1086 792 1156 in
810 1082 978 1160 vasconia
994 1082 1199 1182 permittere
1215 1074 1320 1150 noluit

308 1193 484 1270 Ministros
501 1197 608 1287 Regis
620 1198 648 1279 Ε
650 1197 770 1267 tanciae
781 1190 983 1269 Vasconiam
1001 1188 1153 1287 ingredi,
1171 1207 1211 1263 ut
1227 1180 1321 1283 seisy·

307 1324 385 1379 rent
403 1328 489 1395 eam,
515 1301 685 1401 fiebatque
707 1302 889 1377 altercacio
911 1326 1044 1396 magna,
1070 1293 1320 1401 propterquod
1346 1294 1349 1311 '

305 1412 382 1484 Rex
396 1413 557 1499 Franciae,
573 1431 695 1483 vocato
705 1412 857 1485 Domino
871 1405 1069 1497 Edmundo,
1085 1405 1225 1499 rogavit
1239 1425 1320 1491 euru,

304 1540 466 1618 tanquam
479 1522 570 1619 pacis
584 1518 807 1594 mediatorem
819 1542 854 1594 et
867 1522 1026 1609 amicum,
1036 1510 1134 1615 quod
1145 1504 1321 1607 ingressum

305 1627 442 1712 suorum
452 1633 681 1730 permitteret,
694 1627 811 1705 saitem
824 1633 861 1703 in
873 1650 1018 1731 quatuor
1029 1623 1085 1697 vel
1097 1627 1258 1723 quinque
1268 1620 1333 1731 Ci-¹

275 1820 278 1835 Ι
307 1740 440 1835 uitates,
465 1738 597 1813 scilicet
620 1737 792 1828 Burdews,
821 1743 964 1837 Bayon‘,
990 1735 1149 1831 [anguis
1165 1753 1203 1806 et
1229 1734 1321 1805 Met·

191 1874 195 1888 ·
306 1850 467 1943 maunde,
480 1871 515 1925 et
528 1851 643 1927 hocin
660 1849 717 1953 spe
733 1854 838 1954 pacis,
858 1851 987 1940 dicens,
1002 1845 1041 1947 ¹se
1055 1873 1178 1949 pacem
1190 1845 1321 1921 firmare

303 1990 374 2045 non
390 1964 496 2064 posse,
514 1965 771 2061 nifixMagnates
784 1964 834 2042 sui
851 1966 1007 2043 viderent
1019 1964 1245 2041 Sentenciam
1258 1958 1321 2035 Cu·

302 2079 360 2169 tiae
373 2074 438 2152 suae
454 2082 652 2154 execucioni
665 2079 872 2173 mandatam,
885 2083 922 2165 in
937 2079 1007 2155 fide
1025 2079 1240 2176 promittens
1253 2076 1321 2147 Rc·

302 2193 371 2282 gia,
389 2191 522 2290 plenam
536 2216 651 2288 pacem
666 2189 794 2265 debete
808 2187 978 2287 subsequi,
995 2186 1196 2285 firogatum
1211 2177 1320 2281 hujus·

301 2297 399 2371 modi
409 2297 655 2395 adimpleverit.
684 2301 758 2395 Qi
775 2323 865 2388 cum,
878 2299 1040 2384 talianon
1053 2296 1183 2373 audere
1194 2296 1229 2369 se
1243 2316 1320 2394 pra·

302 2403 442 2497 sumere,
457 2405 601 2498 diceret,
615 2408 733 2500 statim,
748 2409 790 2483 ad
802 2430 958 2503 rogatum
973 2408 1090 2511 ipsius,
1104 2408 1320 2485 voluntatem

301 2516 411 2606 Regis
427 2514 555 2608 Angliae
567 2511 665 2616 super
678 2515 744 2590 hoc
757 2539 794 2592 et
805 2514 1001 2596 consensum
1015 2516 1211 2616 requisivit.
1248 2517 1320 2590 Rex
1359 2563 1361 2568 ·

260 2659 264 2674 ·
297 2641 431 2715 autem,
442 2625 537 2697 dicto
548 2623 662 2700 fratris
673 2625 720 2698 sui
731 2626 836 2700 fidem
849 2627 1027 2719 adhibens,
1042 2626 1190 2728 persnas
1202 2628 1319 2700 Paten-

300 2759 352 2825 tes
368 2741 502 2812 Literas
520 2736 740 2826 remandavit,
765 2738 798 2810 se
815 2758 925 2813 ratum
942 2759 977 2812 et
991 2760 1127 2831 gratum
1145 2736 1274 2813 habere
1289 2753 1319 2808 ct

299 2845 424 2918 habere
440 2846 539 2937 veile,
557 2845 724 2948 quicquid
740 2844 801 2920 suo
815 2850 951 2922 nomine
967 2852 1004 2922 in
1021 2850 1085 2922 hac
1104 2872 1206 2949 parte
1220 2848 1319 2924 ducc-

300 2977 353 3027 ret
378 2952 583 3029 faciendum.
630 2954 766 3048 Qibus
790 2960 951 3051 acceptis,
976 2978 1012 3029 et
1037 2982 1099 3057 per
1122 2984 1206 3034 eum
1232 2957 1317 3050 Regi

299 3066 449 3136 Francim
463 3063 648 3153 insinuatis,
663 3062 817 3160 promisit
834 3068 867 3136 ei
881 3069 958 3138 Rex
971 3069 1006 3140 in
1020 3066 1094 3140 fide
1111 3090 1148 3140 et
1159 3072 1198 3142 in
1216 3066 1317 3143 verbo

299 3173 426 3263 Regio,
443 3168 537 3269 quod
549 3174 674 3259 omnia,
691 3170 764 3269 post
777 3192 908 3271 tempus
921 3174 1111 3265 modicum,
1124 3202 1208 3251 cum
1223 3176 1318 3279 piena

254 3290 257 3301 ’
298 3305 381 3379 pace
404 3282 657 3354 restituerentur
680 3281 724 3354 ad
746 3305 872 3357 votum.
913 3284 977 3358 Ille
995 3311 1078 3362 vero
1097 3288 1316 3379 Edmundur,

296 3390 497 3487 simpliciter
519 3391 673 3479 credens,
698 3411 734 3463 et
756 3395 942 3472 intantum
962 3400 1075 3490 Regia
1094 3400 1315 3495 promiffione

295 3498 448 3589 allectus,
463 3498 677 3573 securitatem
692 3527 761 3576 non
774 3506 893 3601 peciit,
904 3506 1051 3584 firmiter
1064 3506 1225 3598 credens,
1241 3531 1316 3608 pto·

218 3633 224 3648 ·
296 3607 486 3706 missionem
509 3611 656 3698 Regiam
679 3634 814 3682 omnem
835 3609 962 3684 debere
986 3612 1155 3688 excedere
1181 3607 1315 3690 cancio'

297 3744 389 3810 nem,
405 3720 583 3818 statimque
595 3719 723 3819 scripfit
736 3721 1122 3820 SenescalloVasconiae,
1146 3728 1251 3826 quod
1264 3751 1314 3803 et·

295 3831 438 3904 rundern
455 3815 640 3906 Civitatum
656 3829 828 3929 saysynam
845 3835 1013 3931 Minisiris¹
1029 3839 1143 3929 Regis
1163 3842 1314 3914 Francia

294 3937 462 4014 liberaret.
498 3938 605 4039 Qud
617 3966 696 4014 curn
708 3941 769 4013 ille
779 3939 925 4034 fecisset,
931 3969 1012 4045 mox
1026 3943 1088 4044 ipsr
1102 3952 1233 4023 Franci
1247 3949 1311 4047 pti·

292 4069 351 4116 mo
367 4072 487 4144 paucos
505 4068 541 4122 et
553 4046 709 4137 latenter,
726 4050 837 4148 postea
853 4049 1017 4149 plurimos
1031 4076 1067 4128 et
1085 4080 1264 4154 patenter,
1279 4076 1312 4132 et

296 4166 1311 4200 ---------..........-,,,,,,,

334 4231 349 4275 1
372 4221 413 4281 L.
425 4236 486 4281 cum
500 4220 551 4284 Tr.
565 4216 751 4302 sopirentur.
783 4244 838 4306 quo
852 4221 933 4290 nodo
946 4228 1037 4308 ηξιη
1054 4225 1215 4314 corrigiam
1226 4232 1260 4297 in
1272 4221 1307 4291 ὁ.

1250 4310 1308 4384 de·
