3000 5075
201 451 352 535 xxm
524 423 838 533 PRAE'F
873 421 1160 524 ATIO.

333 618 438 681 taxat
454 599 748 712 Hemingfordii
761 602 800 683 in
816 600 985 684 secundo
999 600 1067 685 illo
1081 604 1282 686 volumine
1295 604 1352 687 di·

292 823 294 828 ,
331 728 513 837 vulgasse,
552 730 674 836 ipsum
705 755 756 808 eo
788 730 947 811 nomine
985 730 1349 838 reprehendendum

333 853 408 932 effe
430 853 546 936 facile
574 853 837 957 comederim,
867 852 937 934 nisr
959 854 1066 963 quod
1093 878 1274 965 apertum
1285 858 1353 963 fit,

334 1000 447 1060 caute
478 977 518 1060 id
544 974 683 1059 feciffe.
732 986 794 1062 Ut
817 978 962 1062 scilicet
981 971 1099 1086 aliud,
1125 983 1236 1092 quod
1252 984 1354 1092 typis

333 1101 601 1185 excudendum
625 1104 772 1206 statuit,
802 1105 989 1207 volumm
1014 1104 1064 1186 ab
1080 1105 1264 1190 Edvardo
1279 1115 1354 1189 1⁸⁰⁰.

333 1230 541 1319 exordium
557 1229 730 1336 duceret,
746 1227 882 1340 resque
896 1233 1085 1316 historicae
1099 1233 1239 1316 ordine
1254 1253 1352 1316 tem·

273 1355 275 1358 ’
333 1385 473 1467 porum
490 1355 733 1464 conservato,
755 1387 837 1440 non
852 1361 1073 1469 interrupte
1089 1381 1351 1445 narrarentur.

391 1498 420 1580 §.
436 1490 524 1569 v11.
553 1483 663 1564 Plura
682 1483 976 1596 Hemingfordii
995 1486 1143 1568 exstare
1162 1488 1353 1594 exempla-

218 1654 220 1661 ·
333 1610 404 1713 ria,
427 1638 507 1691 nos
537 1610 723 1692 certiores
751 1608 846 1693 fecit
873 1615 1052 1697 Galeas..
1073 1614 1178 1694 inter
1206 1640 1294 1722 quae
1312 1624 1353 1697 &

240 1817 245 1826 ,
335 1761 454 1814 unum
469 1760 588 1841 penes
604 1732 642 1814 se
656 1731 765 1817 fuisse
776 1734 949 1822 tradidit.
974 1763 1047 1820 nec
1057 1737 1208 1819 mirum.
1236 1762 1355 1846 quan-

337 1859 393 1955 do
402 1857 589 1942 Codicum
607 1879 971 1943 manuexaratorum
983 1861 1061 1941 vim
1073 1885 1256 1971 magnam
1270 1864 1355 1944 cor-

338 2007 559 2098 rogaverat.
601 1985 706 2069 Inde.
715 1987 876 2098 colligo,
892 1986 1057 2068 Galeum
1074 1986 1274 2095 proprium
1288 2010 1354 2071 ex·

259 2214 264 2219 Ι
340 2111 489 2219 emplar
517 2109 785 2194 excudendum
811 2110 965 2193 curaffe.
1009 2111 1230 2221 rCujusnam
1256 2136 1355 2193 vero

331 2235 386 2358 xsrt
404 2236 468 2318 ille
488 2233 626 2317 Codex
645 2234 785 2338 aetatis,
810 2264 892 2318 non
917 2233 1064 2316 docuit·
1103 2234 1221 2316 Filius
1239 2233 1355 2343 ipsius

339 2361 581 2470 pereruditus
592 2364 774 2471 Rogerus
786 2361 929 2445 G'aleus
942 2362 1038 2443 mihi
1048 2361 1195 2467 retulit,
1204 2363 1244 2443 se
1258 2391 1357 2446 nun·

341 2518 458 2599 quam
480 2488 623 2594 v'idiffe,
654 2516 783 2599 neque
802 2489 1048 2599 exploratum
1075 2489 1235 2594 habere,
1257 2491 1355 2602 quid

182 2701 184 2706 .
341 2618 391 2699 de
410 2618 477 2699 illo
494 2613 640 2702 saecum
659 2616 791 2700 fuerit
852 2618 1039 2699 Ceterum
1059 2610 1356 2727 fatetur'Roge·

341 2772 418 2846 rus,
447 2745 485 2823 se
504 2744 545 2826 in
561 2769 608 2824 ea
626 2743 700 2823 effe
718 2743 919 2851 opinione,
950 2762 996 2823 ut
1022 2740 1228 2845 existimet,
1257 2744 1358 2824 anti·

179 2855 181 2872 '
342 2896 461 2977 quum
476 2868 594 2951 fuiffe.
640 2870 768 2951 Aliter
779 2896 869 2981 ego.
898 2869 1043 2979 quippe
1057 2867 1125 2977 qui
1138 2886 1249 2973 puto,
1265 2893 1358 2973 apo-

341 2994 534 3105 graphum
560 2993 667 3077 fuiffe
693 3019 841 3097 recens,
870 2991 1040 3104 Thomae
1066 2990 1181 3083 Galei
1199 2992 1358 3101 sumpti-

342 3118 419 3232 busx
430 3145 475 3201 ac
491 3142 584 3199 cura
599 3116 846 3226 descriptum.
901 3116 978 3198 Sed
999 3115 1273 3226 qualiscunque
1289 3116 1356 3199 de·

338 3266 444 3321 mum
463 3239 580 3330 firerit
596 3240 747 3342 Codex,
762 3239 812 3322 de
830 3266 880 3321 eo
898 3257 1005 3321 certe
1020 3265 1209 3348 perquam
1223 3236 1356 3320 huma·

341 3392 391 3447 ne
407 3365 457 3447 ad
475 3390 537 3447 me
557 3391 682 3470 nuper
700 3363 847 3471 scripsrt
868 3366 1064 3475 Rogerus.
1104 3361 1357 3471 quemadmo-

342 3487 434 3571 dum
450 3512 492 3573 et
507 3489 672 3573 comiter
690 3516 845 3599 quoque
860 3487 909 3571 de
926 3490 1068 3573 eodem
1085 3515 1149 3571 me
1164 3488 1357 3573 allocutus

343 3616 400 3696 est
431 3616 496 3700 hic
525 3614 694 3697 Oxoniae
724 3614 881 3696 inania
913 3614 1042 3696 nostra
1072 3611 1390 3697 Edmundiana„

344 3740 466 3854 Qod
483 3752 590 3823 &eo
607 3737 800 3821 lubentius
814 3736 920 3843 fecit,
939 3739 1029 3848 quia
1047 3756 1185 3820 mutuo
1197 3735 1357 3822 daturus

345 3886 443 3972 erat,
452 3865 574 3949 modo
584 3863 634 3948 ad
643 3892 777 3949 manus
789 3861 979 3949 adfuiffet.
1007 3865 1209 3974 doluitque
1222 3864 1357 3972 etiam,

290 4029 293 4051 ι
346 3989 387 4099 se
401 3990 591 4104 ejusmodi
608 3989 812 4081 subsidium
830 4020 913 4081 uon
932 3992 1039 4102 poffe
1058 3990 1172 4077 ferre.

1218 4244 1360 4336 tvm.
