<?xml version="1.0" encoding="UTF-8"?>
<!DOCTYPE html PUBLIC "-//W3C//DTD XHTML 1.0 Transitional//EN"
    "http://www.w3.org/TR/xhtml1/DTD/xhtml1-transitional.dtd">
<html xmlns="http://www.w3.org/1999/xhtml" xml:lang="en" lang="en">
 <head>
  <title>
</title>
<meta http-equiv="Content-Type" content="text/html;charset=utf-8" />
  <meta name='ocr-system' content='tesseract 3.04.00' />
  <meta name='ocr-capabilities' content='ocr_page ocr_carea ocr_par ocr_line ocrx_word'/>
</head>
<body>
  <div class='ocr_page' id='page_1' title='image "./walterihemingfo00waltgoog_0109.png"; bbox 0 0 3000 5075; ppageno 0'>
   <div class='ocr_carea' id='block_1_1' title="bbox 256 398 1330 584">
    <p class='ocr_par' dir='ltr' id='par_1_1' title="bbox 256 398 1330 584">
     <span class='ocr_line' id='line_1_1' title="bbox 256 398 1330 584; baseline 0.001 -34"><span class='ocrx_word' id='word_1_1' title='bbox 256 566 262 571; x_wconf 56' lang='grc'><em>,</em></span> <span class='ocrx_word' id='word_1_2' title='bbox 369 436 1013 584; x_wconf 81' lang='lat' dir='ltr'><strong>PRAEFA&#39;TIO.</strong></span> <span class='ocrx_word' id='word_1_3' title='bbox 1149 398 1330 535; x_wconf 62' lang='lat'>&#39;0111</span> 
     </span>
    </p>
   </div>
   <div class='ocr_carea' id='block_1_2' title="bbox 155 617 1208 4137">
    <p class='ocr_par' dir='ltr' id='par_1_2' title="bbox 155 617 1208 4137">
     <span class='ocr_line' id='line_1_2' title="bbox 178 617 1206 740; baseline 0.007 -29"><span class='ocrx_word' id='word_1_4' title='bbox 178 645 254 711; x_wconf 81' lang='lat' dir='ltr'>tus.</span> <span class='ocrx_word' id='word_1_5' title='bbox 300 617 414 740; x_wconf 82' lang='lat' dir='ltr'>Qid</span> <span class='ocrx_word' id='word_1_6' title='bbox 435 655 529 713; x_wconf 89' lang='lat' dir='ltr'>vero</span> <span class='ocrx_word' id='word_1_7' title='bbox 544 631 634 713; x_wconf 85' lang='lat' dir='ltr'>ille?</span> <span class='ocrx_word' id='word_1_8' title='bbox 678 642 716 718; x_wconf 88' lang='lat' dir='ltr'>Is</span> <span class='ocrx_word' id='word_1_9' title='bbox 736 651 844 713; x_wconf 90' lang='lat' dir='ltr'>certe</span> <span class='ocrx_word' id='word_1_10' title='bbox 861 633 967 738; x_wconf 84' lang='lat' dir='ltr'>(nam</span> <span class='ocrx_word' id='word_1_11' title='bbox 984 628 1118 716; x_wconf 88' lang='lat' dir='ltr'>iisdem</span> <span class='ocrx_word' id='word_1_12' title='bbox 1130 635 1206 719; x_wconf 83' lang='lat' dir='ltr'>illis</span> 
     </span>
     <span class='ocr_line' id='line_1_3' title="bbox 156 746 1208 871; baseline 0.009 -34"><span class='ocrx_word' id='word_1_13' title='bbox 156 809 168 817; x_wconf 91' lang='lat'><em>-</em></span> <span class='ocrx_word' id='word_1_14' title='bbox 185 746 435 866; x_wconf 82' lang='lat' dir='ltr'>temporibus</span> <span class='ocrx_word' id='word_1_15' title='bbox 451 784 572 845; x_wconf 84' lang='lat' dir='ltr'>nemo</span> <span class='ocrx_word' id='word_1_16' title='bbox 590 780 658 842; x_wconf 86' lang='lat' dir='ltr'>aut</span> <span class='ocrx_word' id='word_1_17' title='bbox 672 757 829 843; x_wconf 75' lang='lat' dir='ltr'>donior</span> <span class='ocrx_word' id='word_1_18' title='bbox 846 759 1004 863; x_wconf 81' lang='lat' dir='ltr'>exstitit,</span> <span class='ocrx_word' id='word_1_19' title='bbox 1019 779 1086 840; x_wconf 91' lang='lat' dir='ltr'>aut</span> <span class='ocrx_word' id='word_1_20' title='bbox 1101 762 1208 871; x_wconf 85' lang='lat' dir='ltr'>cujus</span> 
     </span>
     <span class='ocr_line' id='line_1_4' title="bbox 183 883 1206 994; baseline 0.005 -30"><span class='ocrx_word' id='word_1_21' title='bbox 183 883 415 994; x_wconf 78' lang='lat' dir='ltr'>eloquentia</span> <span class='ocrx_word' id='word_1_22' title='bbox 433 885 573 969; x_wconf 88' lang='lat' dir='ltr'>litteris</span> <span class='ocrx_word' id='word_1_23' title='bbox 584 886 806 970; x_wconf 68' lang='lat' dir='ltr'>instrumior</span> <span class='ocrx_word' id='word_1_24' title='bbox 817 885 926 968; x_wconf 83' lang='lat' dir='ltr'>fuille</span> <span class='ocrx_word' id='word_1_25' title='bbox 940 883 1118 994; x_wconf 90' lang='lat' dir='ltr'>traditur)</span> <span class='ocrx_word' id='word_1_26' title='bbox 1127 888 1206 994; x_wconf 89' lang='lat' dir='ltr'>pri-</span> 
     </span>
     <span class='ocr_line' id='line_1_5' title="bbox 180 996 1203 1121; baseline 0.004 -29"><span class='ocrx_word' id='word_1_27' title='bbox 180 996 263 1095; x_wconf 71' lang='lat' dir='ltr'>mua</span> <span class='ocrx_word' id='word_1_28' title='bbox 272 1000 443 1096; x_wconf 85' lang='lat' dir='ltr'>Homeri</span> <span class='ocrx_word' id='word_1_29' title='bbox 455 1012 575 1096; x_wconf 88' lang='lat' dir='ltr'>libros</span> <span class='ocrx_word' id='word_1_30' title='bbox 585 1009 769 1095; x_wconf 87' lang='lat' dir='ltr'>confusos</span> <span class='ocrx_word' id='word_1_31' title='bbox 783 1031 913 1113; x_wconf 85' lang='lat' dir='ltr'>antea,</span> <span class='ocrx_word' id='word_1_32' title='bbox 922 1010 971 1093; x_wconf 89' lang='lat' dir='ltr'>fic</span> <span class='ocrx_word' id='word_1_33' title='bbox 982 1010 1203 1121; x_wconf 84' lang='lat' dir='ltr'>disposuiffe</span> 
     </span>
     <span class='ocr_line' id='line_1_6' title="bbox 161 1122 1203 1255; baseline 0.005 -36"><span class='ocrx_word' id='word_1_34' title='bbox 161 1122 339 1240; x_wconf 81' lang='lat' dir='ltr'>dicitur,</span> <span class='ocrx_word' id='word_1_35' title='bbox 353 1160 399 1220; x_wconf 92' lang='grc' dir='ltr'>ιιι</span> <span class='ocrx_word' id='word_1_36' title='bbox 410 1164 515 1220; x_wconf 85' lang='lat' dir='ltr'>nunc</span> <span class='ocrx_word' id='word_1_37' title='bbox 532 1122 730 1220; x_wconf 84' lang='lat' dir='ltr'>babemus.</span> <span class='ocrx_word' id='word_1_38' title='bbox 769 1139 905 1255; x_wconf 84' lang='lat' dir='ltr'>Qare</span> <span class='ocrx_word' id='word_1_39' title='bbox 917 1146 958 1219; x_wconf 74' lang='grc' dir='ltr'>δι</span> <span class='ocrx_word' id='word_1_40' title='bbox 974 1163 1024 1219; x_wconf 91' lang='lat' dir='ltr'>eo</span> <span class='ocrx_word' id='word_1_41' title='bbox 1042 1139 1203 1223; x_wconf 89' lang='lat' dir='ltr'>nomine</span> 
     </span>
     <span class='ocr_line' id='line_1_7' title="bbox 182 1258 1202 1369; baseline 0.006 -28"><span class='ocrx_word' id='word_1_42' title='bbox 182 1283 254 1341; x_wconf 81' lang='lat' dir='ltr'>noe</span> <span class='ocrx_word' id='word_1_43' title='bbox 277 1260 403 1345; x_wconf 81' lang='lat' dir='ltr'>etiam</span> <span class='ocrx_word' id='word_1_44' title='bbox 429 1258 532 1369; x_wconf 84' lang='lat' dir='ltr'>ipsos</span> <span class='ocrx_word' id='word_1_45' title='bbox 556 1258 663 1345; x_wconf 88' lang='lat' dir='ltr'>forte</span> <span class='ocrx_word' id='word_1_46' title='bbox 683 1259 870 1365; x_wconf 82' lang='lat' dir='ltr'>laudabis,</span> <span class='ocrx_word' id='word_1_47' title='bbox 896 1258 1006 1369; x_wconf 92' lang='lat' dir='ltr'>quod</span> <span class='ocrx_word' id='word_1_48' title='bbox 1023 1261 1202 1347; x_wconf 90' lang='lat' dir='ltr'>omnium</span> 
     </span>
     <span class='ocr_line' id='line_1_8' title="bbox 180 1380 1202 1471; baseline 0.005 -6"><span class='ocrx_word' id='word_1_49' title='bbox 180 1383 414 1467; x_wconf 75' lang='lat' dir='ltr'>maturrime</span> <span class='ocrx_word' id='word_1_50' title='bbox 432 1380 535 1464; x_wconf 88' lang='lat' dir='ltr'>serio</span> <span class='ocrx_word' id='word_1_51' title='bbox 561 1409 648 1465; x_wconf 91' lang='lat' dir='ltr'>cum</span> <span class='ocrx_word' id='word_1_52' title='bbox 669 1383 717 1465; x_wconf 90' lang='lat' dir='ltr'>cl.</span> <span class='ocrx_word' id='word_1_53' title='bbox 735 1382 946 1466; x_wconf 88' lang='lat' dir='ltr'>Dodwello</span> <span class='ocrx_word' id='word_1_54' title='bbox 970 1382 1202 1471; x_wconf 85' lang='lat' dir='ltr'>differtarim</span> 
     </span>
     <span class='ocr_line' id='line_1_9' title="bbox 180 1507 1201 1624; baseline 0.004 -31"><span class='ocrx_word' id='word_1_55' title='bbox 180 1507 233 1593; x_wconf 89' lang='lat' dir='ltr'>de</span> <span class='ocrx_word' id='word_1_56' title='bbox 251 1510 440 1599; x_wconf 85' lang='lat' dir='ltr'>librorum</span> <span class='ocrx_word' id='word_1_57' title='bbox 454 1508 825 1620; x_wconf 82' lang='lat' dir='ltr'>aliisquevetullatis</span> <span class='ocrx_word' id='word_1_58' title='bbox 848 1508 1038 1619; x_wconf 88' lang='lat' dir='ltr'>reliquiis,</span> <span class='ocrx_word' id='word_1_59' title='bbox 1055 1513 1201 1624; x_wconf 88' lang='lat' dir='ltr'>quippe</span> 
     </span>
     <span class='ocr_line' id='line_1_10' title="bbox 181 1630 1203 1753; baseline 0.006 -34"><span class='ocrx_word' id='word_1_60' title='bbox 181 1662 250 1747; x_wconf 81' lang='lat' dir='ltr'>qur</span> <span class='ocrx_word' id='word_1_61' title='bbox 253 1662 336 1753; x_wconf 71' lang='lat' dir='ltr'>jam</span> <span class='ocrx_word' id='word_1_62' title='bbox 349 1630 571 1721; x_wconf 87' lang='lat' dir='ltr'>adolescens</span> <span class='ocrx_word' id='word_1_63' title='bbox 582 1636 632 1729; x_wconf 83' lang='lat' dir='ltr'>ab</span> <span class='ocrx_word' id='word_1_64' title='bbox 641 1635 839 1719; x_wconf 77' lang='lat' dir='ltr'>academia</span> <span class='ocrx_word' id='word_1_65' title='bbox 850 1636 1203 1725; x_wconf 83' lang='lat' dir='ltr'>nostranomenli</span> 
     </span>
     <span class='ocr_line' id='line_1_11' title="bbox 181 1746 1202 1874; baseline 0.004 -30"><span class='ocrx_word' id='word_1_66' title='bbox 181 1759 231 1844; x_wconf 75' lang='lat' dir='ltr'>ad</span> <span class='ocrx_word' id='word_1_67' title='bbox 250 1746 615 1848; x_wconf 80' lang='lat' dir='ltr'>Shottesbrochiam</span> <span class='ocrx_word' id='word_1_68' title='bbox 630 1761 808 1870; x_wconf 88' lang='lat' dir='ltr'>pedibus,</span> <span class='ocrx_word' id='word_1_69' title='bbox 832 1788 906 1869; x_wconf 92' lang='lat' dir='ltr'>pro</span> <span class='ocrx_word' id='word_1_70' title='bbox 923 1788 1033 1843; x_wconf 88' lang='lat' dir='ltr'>more</span> <span class='ocrx_word' id='word_1_71' title='bbox 1051 1766 1202 1874; x_wconf 88' lang='lat' dir='ltr'>nostro,</span> 
     </span>
     <span class='ocr_line' id='line_1_12' title="bbox 179 1881 1202 2007; baseline 0.008 -40"><span class='ocrx_word' id='word_1_72' title='bbox 179 1885 257 1969; x_wconf 89' lang='lat' dir='ltr'>iter</span> <span class='ocrx_word' id='word_1_73' title='bbox 281 1881 459 1989; x_wconf 85' lang='lat' dir='ltr'>fecerim,</span> <span class='ocrx_word' id='word_1_74' title='bbox 485 1907 568 1969; x_wconf 90' lang='lat' dir='ltr'>tum</span> <span class='ocrx_word' id='word_1_75' title='bbox 589 1907 633 1969; x_wconf 89' lang='lat' dir='ltr'>ut</span> <span class='ocrx_word' id='word_1_76' title='bbox 659 1913 697 1967; x_wconf 80' lang='lat' dir='ltr'>v.</span> <span class='ocrx_word' id='word_1_77' title='bbox 710 1890 758 1970; x_wconf 91' lang='lat' dir='ltr'>cl.</span> <span class='ocrx_word' id='word_1_78' title='bbox 776 1887 938 1970; x_wconf 92' lang='lat' dir='ltr'>Henrici</span> <span class='ocrx_word' id='word_1_79' title='bbox 962 1887 1202 2007; x_wconf 80' lang='lat' dir='ltr'>spelmanni,</span> 
     </span>
     <span class='ocr_line' id='line_1_13' title="bbox 180 2006 1201 2157; baseline 0.002 -60"><span class='ocrx_word' id='word_1_80' title='bbox 180 2006 377 2157; x_wconf 69' lang='lat' dir='ltr'>dodbtina,</span> <span class='ocrx_word' id='word_1_81' title='bbox 404 2011 564 2097; x_wconf 85' lang='lat' dir='ltr'>confilio</span> <span class='ocrx_word' id='word_1_82' title='bbox 577 2012 804 2125; x_wconf 89' lang='lat' dir='ltr'>judicioque</span> <span class='ocrx_word' id='word_1_83' title='bbox 817 2014 1051 2118; x_wconf 83' lang='lat' dir='ltr'>excellentis,</span> <span class='ocrx_word' id='word_1_84' title='bbox 1070 2016 1201 2099; x_wconf 86' lang='lat' dir='ltr'>Histo-</span> 
     </span>
     <span class='ocr_line' id='line_1_14' title="bbox 180 2140 1200 2252; baseline 0.005 -29"><span class='ocrx_word' id='word_1_85' title='bbox 180 2141 280 2227; x_wconf 77' lang='lat' dir='ltr'>riam</span> <span class='ocrx_word' id='word_1_86' title='bbox 304 2141 504 2252; x_wconf 84' lang='lat' dir='ltr'>Sacrilegii</span> <span class='ocrx_word' id='word_1_87' title='bbox 525 2141 795 2247; x_wconf 85' lang='lat' dir='ltr'>exscriberem,</span> <span class='ocrx_word' id='word_1_88' title='bbox 823 2162 907 2223; x_wconf 89' lang='lat' dir='ltr'>turn</span> <span class='ocrx_word' id='word_1_89' title='bbox 929 2160 974 2224; x_wconf 93' lang='lat' dir='ltr'>ut</span> <span class='ocrx_word' id='word_1_90' title='bbox 992 2140 1052 2226; x_wconf 90' lang='lat' dir='ltr'>his</span> <span class='ocrx_word' id='word_1_91' title='bbox 1067 2143 1118 2226; x_wconf 91' lang='lat' dir='ltr'>de</span> <span class='ocrx_word' id='word_1_92' title='bbox 1137 2172 1200 2228; x_wconf 90' lang='lat' dir='ltr'>re·</span> 
     </span>
     <span class='ocr_line' id='line_1_15' title="bbox 180 2205 1202 2377; baseline 0.004 -27"><span class='ocrx_word' id='word_1_93' title='bbox 180 2265 251 2371; x_wconf 83' lang='lat' dir='ltr'>bps</span> <span class='ocrx_word' id='word_1_94' title='bbox 267 2292 359 2350; x_wconf 90' lang='lat' dir='ltr'>cum</span> <span class='ocrx_word' id='word_1_95' title='bbox 387 2266 596 2349; x_wconf 86' lang='lat' dir='ltr'>Dodwello</span> <span class='ocrx_word' id='word_1_96' title='bbox 620 2205 855 2377; x_wconf 88' lang='lat' dir='ltr'>colloquium</span> <span class='ocrx_word' id='word_1_97' title='bbox 872 2265 1069 2349; x_wconf 89' lang='lat' dir='ltr'>haberem</span> <span class='ocrx_word' id='word_1_98' title='bbox 1122 2269 1202 2354; x_wconf 89' lang='lat' dir='ltr'>Sed</span> 
     </span>
     <span class='ocr_line' id='line_1_16' title="bbox 181 2390 1201 2502; baseline 0.007 -26"><span class='ocrx_word' id='word_1_99' title='bbox 181 2391 292 2476; x_wconf 73' lang='lat' dir='ltr'>millu</span> <span class='ocrx_word' id='word_1_100' title='bbox 310 2390 441 2479; x_wconf 85' lang='lat' dir='ltr'>isthaec</span> <span class='ocrx_word' id='word_1_101' title='bbox 455 2392 650 2476; x_wconf 86' lang='lat' dir='ltr'>faciamus.</span> <span class='ocrx_word' id='word_1_102' title='bbox 690 2423 780 2478; x_wconf 88' lang='lat' dir='ltr'>nam</span> <span class='ocrx_word' id='word_1_103' title='bbox 794 2393 1063 2502; x_wconf 89' lang='lat' dir='ltr'>perridiculum</span> <span class='ocrx_word' id='word_1_104' title='bbox 1078 2395 1134 2479; x_wconf 80' lang='lat' dir='ltr'>est</span> <span class='ocrx_word' id='word_1_105' title='bbox 1149 2396 1201 2482; x_wconf 92' lang='lat' dir='ltr'>de</span> 
     </span>
     <span class='ocr_line' id='line_1_17' title="bbox 181 2516 1201 2667; baseline 0.005 -63"><span class='ocrx_word' id='word_1_106' title='bbox 181 2518 382 2630; x_wconf 87' lang='lat' dir='ltr'>nobismet</span> <span class='ocrx_word' id='word_1_107' title='bbox 400 2518 487 2629; x_wconf 87' lang='lat' dir='ltr'>iplis</span> <span class='ocrx_word' id='word_1_108' title='bbox 512 2516 691 2620; x_wconf 84' lang='lat' dir='ltr'>seribere.</span> <span class='ocrx_word' id='word_1_109' title='bbox 730 2523 866 2627; x_wconf 81' lang='lat' dir='ltr'>Qare</span> <span class='ocrx_word' id='word_1_110' title='bbox 888 2549 971 2603; x_wconf 92' lang='lat' dir='ltr'>non</span> <span class='ocrx_word' id='word_1_111' title='bbox 995 2520 1089 2630; x_wconf 88' lang='lat' dir='ltr'>quid</span> <span class='ocrx_word' id='word_1_112' title='bbox 1109 2551 1201 2667; x_wconf 81' lang='lat' dir='ltr'>ego,</span> 
     </span>
     <span class='ocr_line' id='line_1_18' title="bbox 180 2623 1201 2763; baseline 0.006 -34"><span class='ocrx_word' id='word_1_113' title='bbox 180 2623 250 2734; x_wconf 84' lang='lat' dir='ltr'>sed</span> <span class='ocrx_word' id='word_1_114' title='bbox 262 2648 360 2763; x_wconf 92' lang='lat' dir='ltr'>quid</span> <span class='ocrx_word' id='word_1_115' title='bbox 375 2647 441 2732; x_wconf 83' lang='lat' dir='ltr'>alii</span> <span class='ocrx_word' id='word_1_116' title='bbox 453 2648 633 2757; x_wconf 87' lang='lat' dir='ltr'>fecerint,</span> <span class='ocrx_word' id='word_1_117' title='bbox 649 2647 933 2757; x_wconf 88' lang='lat' dir='ltr'>disputandum.</span> <span class='ocrx_word' id='word_1_118' title='bbox 973 2652 1028 2730; x_wconf 83' lang='lat' dir='ltr'>At</span> <span class='ocrx_word' id='word_1_119' title='bbox 1048 2652 1201 2737; x_wconf 90' lang='lat' dir='ltr'>veroin</span> 
     </span>
     <span class='ocr_line' id='line_1_19' title="bbox 181 2770 1203 2892; baseline 0.003 -36"><span class='ocrx_word' id='word_1_120' title='bbox 181 2770 261 2858; x_wconf 87' lang='lat' dir='ltr'>hoc</span> <span class='ocrx_word' id='word_1_121' title='bbox 273 2798 423 2892; x_wconf 86' lang='lat' dir='ltr'>genere</span> <span class='ocrx_word' id='word_1_122' title='bbox 436 2774 657 2887; x_wconf 85' lang='lat' dir='ltr'>fragmenta</span> <span class='ocrx_word' id='word_1_123' title='bbox 668 2771 880 2885; x_wconf 85' lang='lat' dir='ltr'>colligendi</span> <span class='ocrx_word' id='word_1_124' title='bbox 891 2798 1029 2855; x_wconf 87' lang='lat' dir='ltr'>omnes</span> <span class='ocrx_word' id='word_1_125' title='bbox 1040 2774 1203 2882; x_wconf 87' lang='lat' dir='ltr'>quidem</span> 
     </span>
     <span class='ocr_line' id='line_1_20' title="bbox 182 2898 1203 3014; baseline 0.001 -30"><span class='ocrx_word' id='word_1_126' title='bbox 182 2900 280 2986; x_wconf 75' lang='lat' dir='ltr'>alios</span> <span class='ocrx_word' id='word_1_127' title='bbox 304 2906 521 3014; x_wconf 85' lang='lat' dir='ltr'>(quantum</span> <span class='ocrx_word' id='word_1_128' title='bbox 542 2926 620 3011; x_wconf 85' lang='lat' dir='ltr'>ego</span> <span class='ocrx_word' id='word_1_129' title='bbox 646 2899 860 3004; x_wconf 77' lang='lat' dir='ltr'>existimare</span> <span class='ocrx_word' id='word_1_130' title='bbox 885 2898 1061 3007; x_wconf 81' lang='lat' dir='ltr'>pollum)</span> <span class='ocrx_word' id='word_1_131' title='bbox 1087 2900 1203 2985; x_wconf 87' lang='lat' dir='ltr'>facile</span> 
     </span>
     <span class='ocr_line' id='line_1_21' title="bbox 180 2998 1201 3165; baseline 0.001 -56"><span class='ocrx_word' id='word_1_132' title='bbox 180 3025 380 3165; x_wconf 86' lang='lat' dir='ltr'>superavit</span> <span class='ocrx_word' id='word_1_133' title='bbox 393 3029 568 3152; x_wconf 87' lang='lat' dir='ltr'>Jpannes</span> <span class='ocrx_word' id='word_1_134' title='bbox 583 2998 828 3135; x_wconf 83' lang='lat' dir='ltr'>Baglordius,</span> <span class='ocrx_word' id='word_1_135' title='bbox 841 3021 890 3104; x_wconf 90' lang='lat' dir='ltr'>de</span> <span class='ocrx_word' id='word_1_136' title='bbox 907 3051 989 3131; x_wconf 94' lang='lat' dir='ltr'>quo</span> <span class='ocrx_word' id='word_1_137' title='bbox 1005 3023 1107 3133; x_wconf 82' lang='lat' dir='ltr'>apud</span> <span class='ocrx_word' id='word_1_138' title='bbox 1119 3031 1201 3110; x_wconf 87' lang='lat' dir='ltr'>He·</span> 
     </span>
     <span class='ocr_line' id='line_1_22' title="bbox 180 3116 1202 3292; baseline 0.001 -59"><span class='ocrx_word' id='word_1_139' title='bbox 180 3151 388 3292; x_wconf 59' lang='lat' dir='ltr'>mingurpk</span> <span class='ocrx_word' id='word_1_140' title='bbox 420 3116 675 3231; x_wconf 86' lang='lat' dir='ltr'>Incredibile</span> <span class='ocrx_word' id='word_1_141' title='bbox 691 3151 762 3257; x_wconf 86' lang='lat' dir='ltr'>est,</span> <span class='ocrx_word' id='word_1_142' title='bbox 779 3170 926 3260; x_wconf 86' lang='lat' dir='ltr'>quanta</span> <span class='ocrx_word' id='word_1_143' title='bbox 952 3144 1040 3229; x_wconf 89' lang='lat' dir='ltr'>usus</span> <span class='ocrx_word' id='word_1_144' title='bbox 1057 3148 1103 3230; x_wconf 87' lang='lat' dir='ltr'>fit</span> <span class='ocrx_word' id='word_1_145' title='bbox 1117 3149 1202 3235; x_wconf 91' lang='lat' dir='ltr'>dili-</span> 
     </span>
     <span class='ocr_line' id='line_1_23' title="bbox 179 3261 1202 3387; baseline 0.003 -29"><span class='ocrx_word' id='word_1_146' title='bbox 179 3277 320 3387; x_wconf 72' lang='lat' dir='ltr'>gentio</span> <span class='ocrx_word' id='word_1_147' title='bbox 335 3275 377 3357; x_wconf 91' lang='lat' dir='ltr'>in</span> <span class='ocrx_word' id='word_1_148' title='bbox 379 3261 542 3359; x_wconf 82' lang='lat' dir='ltr'>laciniis</span> <span class='ocrx_word' id='word_1_149' title='bbox 561 3274 754 3357; x_wconf 87' lang='lat' dir='ltr'>veteribus</span> <span class='ocrx_word' id='word_1_150' title='bbox 776 3272 1063 3362; x_wconf 85' lang='lat' dir='ltr'>coacervandis</span> <span class='ocrx_word' id='word_1_151' title='bbox 1110 3282 1202 3361; x_wconf 90' lang='lat' dir='ltr'>Imo</span> 
     </span>
     <span class='ocr_line' id='line_1_24' title="bbox 180 3397 1201 3538; baseline 0.007 -59"><span class='ocrx_word' id='word_1_152' title='bbox 180 3398 225 3482; x_wconf 89' lang='lat' dir='ltr'>in</span> <span class='ocrx_word' id='word_1_153' title='bbox 239 3399 317 3483; x_wconf 91' lang='lat' dir='ltr'>hoc</span> <span class='ocrx_word' id='word_1_154' title='bbox 331 3399 467 3524; x_wconf 84' lang='lat' dir='ltr'>labore</span> <span class='ocrx_word' id='word_1_155' title='bbox 485 3398 642 3538; x_wconf 89' lang='lat' dir='ltr'>quidem</span> <span class='ocrx_word' id='word_1_156' title='bbox 663 3418 815 3481; x_wconf 82' lang='lat' dir='ltr'>tantum</span> <span class='ocrx_word' id='word_1_157' title='bbox 830 3397 971 3479; x_wconf 84' lang='lat' dir='ltr'>versari</span> <span class='ocrx_word' id='word_1_158' title='bbox 985 3401 1201 3508; x_wconf 74' lang='lat' dir='ltr'>exoptabat</span> 
     </span>
     <span class='ocr_line' id='line_1_25' title="bbox 181 3525 1201 3632; baseline 0.005 -27"><span class='ocrx_word' id='word_1_159' title='bbox 181 3545 374 3632; x_wconf 79' lang='lat' dir='ltr'>quantum</span> <span class='ocrx_word' id='word_1_160' title='bbox 404 3525 551 3632; x_wconf 92' lang='lat' dir='ltr'>potuit,</span> <span class='ocrx_word' id='word_1_161' title='bbox 587 3542 741 3607; x_wconf 80' lang='lat' dir='ltr'>tantum</span> <span class='ocrx_word' id='word_1_162' title='bbox 768 3542 898 3604; x_wconf 87' lang='lat' dir='ltr'>antem</span> <span class='ocrx_word' id='word_1_163' title='bbox 923 3549 965 3605; x_wconf 92' lang='lat' dir='ltr'>re</span> <span class='ocrx_word' id='word_1_164' title='bbox 991 3551 1081 3618; x_wconf 82' lang='lat' dir='ltr'>vera</span> <span class='ocrx_word' id='word_1_165' title='bbox 1113 3553 1201 3610; x_wconf 86' lang='lat' dir='ltr'>ver·</span> 
     </span>
     <span class='ocr_line' id='line_1_26' title="bbox 181 3643 1201 3761; baseline 0.005 -31"><span class='ocrx_word' id='word_1_166' title='bbox 181 3643 354 3755; x_wconf 80' lang='lat' dir='ltr'>sabatur,</span> <span class='ocrx_word' id='word_1_167' title='bbox 367 3671 554 3761; x_wconf 88' lang='lat' dir='ltr'>quantum</span> <span class='ocrx_word' id='word_1_168' title='bbox 563 3650 725 3761; x_wconf 86' lang='lat' dir='ltr'>ingenio</span> <span class='ocrx_word' id='word_1_169' title='bbox 734 3653 840 3759; x_wconf 82' lang='lat' dir='ltr'>(nam</span> <span class='ocrx_word' id='word_1_170' title='bbox 850 3648 984 3733; x_wconf 85' lang='lat' dir='ltr'>divino</span> <span class='ocrx_word' id='word_1_171' title='bbox 994 3648 1085 3733; x_wconf 85' lang='lat' dir='ltr'>sane</span> <span class='ocrx_word' id='word_1_172' title='bbox 1096 3650 1201 3736; x_wconf 84' lang='lat' dir='ltr'>frue-</span> 
     </span>
     <span class='ocr_line' id='line_1_27' title="bbox 181 3772 1202 3888; baseline 0.005 -32"><span class='ocrx_word' id='word_1_173' title='bbox 181 3772 314 3883; x_wconf 82' lang='lat' dir='ltr'>batur)</span> <span class='ocrx_word' id='word_1_174' title='bbox 336 3795 526 3885; x_wconf 84' lang='lat' dir='ltr'>quantum</span> <span class='ocrx_word' id='word_1_175' title='bbox 544 3776 732 3861; x_wconf 88' lang='lat' dir='ltr'>mediocri</span> <span class='ocrx_word' id='word_1_176' title='bbox 743 3774 937 3881; x_wconf 72' lang='lat' dir='ltr'>dodltina,</span> <span class='ocrx_word' id='word_1_177' title='bbox 955 3780 1058 3883; x_wconf 83' lang='lat' dir='ltr'>(narn</span> <span class='ocrx_word' id='word_1_178' title='bbox 1074 3804 1202 3888; x_wconf 84' lang='lat' dir='ltr'>neque</span> 
     </span>
     <span class='ocr_line' id='line_1_28' title="bbox 155 3894 1201 4009; baseline 0.008 -33"><span class='ocrx_word' id='word_1_179' title='bbox 155 3935 162 3954; x_wconf 50' lang='grc' dir='ltr'>ι</span> <span class='ocrx_word' id='word_1_180' title='bbox 182 3894 371 4007; x_wconf 86' lang='lat' dir='ltr'>ingenue,</span> <span class='ocrx_word' id='word_1_181' title='bbox 394 3924 521 4009; x_wconf 89' lang='lat' dir='ltr'>neque</span> <span class='ocrx_word' id='word_1_182' title='bbox 542 3898 756 3984; x_wconf 87' lang='lat' dir='ltr'>liberaliter</span> <span class='ocrx_word' id='word_1_183' title='bbox 774 3927 946 4009; x_wconf 88' lang='lat' dir='ltr'>unquam</span> <span class='ocrx_word' id='word_1_184' title='bbox 972 3896 1046 3981; x_wconf 87' lang='lat' dir='ltr'>suit</span> <span class='ocrx_word' id='word_1_185' title='bbox 1061 3899 1201 3983; x_wconf 89' lang='lat' dir='ltr'>educa-</span> 
     </span>
     <span class='ocr_line' id='line_1_29' title="bbox 186 4023 1202 4137; baseline 0.005 -35"><span class='ocrx_word' id='word_1_186' title='bbox 186 4024 261 4127; x_wconf 77' lang='lat' dir='ltr'>tus)</span> <span class='ocrx_word' id='word_1_187' title='bbox 274 4039 466 4133; x_wconf 85' lang='lat' dir='ltr'>quantum</span> <span class='ocrx_word' id='word_1_188' title='bbox 480 4024 547 4105; x_wconf 89' lang='lat' dir='ltr'>usu</span> <span class='ocrx_word' id='word_1_189' title='bbox 560 4027 693 4110; x_wconf 84' lang='lat' dir='ltr'>valuit.</span> <span class='ocrx_word' id='word_1_190' title='bbox 731 4031 862 4135; x_wconf 85' lang='lat' dir='ltr'>Atque</span> <span class='ocrx_word' id='word_1_191' title='bbox 877 4023 959 4107; x_wconf 84' lang='lat' dir='ltr'>haec</span> <span class='ocrx_word' id='word_1_192' title='bbox 968 4024 1098 4133; x_wconf 87' lang='lat' dir='ltr'>habui,</span> <span class='ocrx_word' id='word_1_193' title='bbox 1113 4052 1202 4137; x_wconf 71' lang='lat' dir='ltr'>qun</span> 
     </span>
    </p>
   </div>
   <div class='ocr_carea' id='block_1_3' title="bbox 600 4219 1203 4386">
    <p class='ocr_par' dir='ltr' id='par_1_3' title="bbox 600 4219 1203 4386">
     <span class='ocr_line' id='line_1_30' title="bbox 600 4219 1197 4301; baseline -0.002 -18"><span class='ocrx_word' id='word_1_194' title='bbox 600 4238 614 4283; x_wconf 88' lang='lat'>1</span> <span class='ocrx_word' id='word_1_195' title='bbox 637 4224 711 4301; x_wconf 86' lang='lat' dir='ltr'>Pag.</span> <span class='ocrx_word' id='word_1_196' title='bbox 723 4219 796 4299; x_wconf 88' lang='lat'>656.</span> <span class='ocrx_word' id='word_1_197' title='bbox 1004 4239 1008 4245; x_wconf 94' lang='lat'>·</span> <span class='ocrx_word' id='word_1_198' title='bbox 1195 4219 1197 4224; x_wconf 84' lang='lat'>&#39;</span> 
     </span>
     <span class='ocr_line' id='line_1_31' title="bbox 1150 4301 1203 4386; baseline 0.057 -3"><span class='ocrx_word' id='word_1_199' title='bbox 1150 4301 1203 4386; x_wconf 89' lang='lat' dir='ltr'>de</span> 
     </span>
    </p>
   </div>
   <div class='ocr_carea' id='block_1_4' title="bbox 0 0 1504 5075">
    <p class='ocr_par' dir='ltr' id='par_1_4' title="bbox 0 0 1504 5075">
     <span class='ocr_line' id='line_1_32' title="bbox 0 0 1504 5075; baseline 0 0"><span class='ocrx_word' id='word_1_200' title='bbox 0 0 1504 5075; x_wconf 95' lang='lat' dir='ltr'> </span> 
     </span>
    </p>
   </div>
  </div>
 </body>
</html>
