3000 5075
294 571 297 575 ,
394 463 1031 587 PRAEFATLQ
1248 492 1349 548 mm

215 680 219 687 ·
250 649 457 754 minutor
475 648 910 752 concurreretur,
936 648 1217 754 turtottotrlnu

200 771 517 878 {nutrirentur
542 771 585 857 tn
595 770 765 855 Minium
780 771 822 859 in
839 775 1008 876 λείων.
1019 772 1214 874 warardi

196 895 897 1009 manannrtfarardranjuorr.
1134 939 1138 945 .

246 1026 332 1104 Hoc
354 1019 551 1105 chronicum
575 1018 894 1130 babet·Hisloriam
916 1025 1008 1105 Wal.
1030 1021 1213 1130 Gisborrre,

184 1143 899 1255 sedmulropluraetrrdinertmareria.
1148 1242 1151 1246 .

246 1282 276 1364 §.
291 1274 444 1355 XVI-'IL
473 1271 572 1351 Non
592 1270 759 1368 excutio,
775 1297 826 1353 an
840 1296 931 1357 vere
949 1268 1031 1351 haec
1048 1267 1098 1348 de
1114 1288 1212 1350 tem·
1263 1377 1265 1381 Α

194 1420 336 1502 porum
369 1393 468 1476 serie
499 1393 673 1479 retulerit
699 1394 762 1476 vel
789 1421 1004 1496 anonymus
1033 1392 1096 1474 ille
1128 1392 1214 1503 scri·

191 1539 298 1627 pror,
319 1520 516 1602 ueletiam
531 1519 741 1603 Matthaeus
754 1518 940 1603 Paulinus
956 1527 972 1600 l
990 1515 1056 1615 uti
1071 1545 1213 1627 neque,
1332 1623 1335 1631 Ι

189 1668 383 1756 quantum
398 1647 584 1729 erraverit
601 1667 778 1756 uterque,
791 1638 979 1728 Chronici
989 1645 1212 1756 Abbingto·

187 1773 331 1856 niensis
355 1773 679 1856 concinnatorem
710 1769 1020 1881 Hemingfordio
1043 1769 1211 1880 diligen·

186 1896 334 1979 tiorem
366 1897 487 2001 soille,
515 1894 729 1980 docendo?
782 1896 883 1977 Mihi
910 1916 1017 1978 certe
1043 1895 1211 2002 videtur,

185 2021 311 2134 longe
324 2023 513 2134 majorem
525 2022 566 2103 in
580 2020 900 2132 Heminglordio,
926 2049 1042 2132 quarn
1061 2023 1102 2105 in
1117 2051 1210 2107 con·
1314 1997 1327 2035 s

185 2146 394 2229 cinnatore
413 2172 639 2253 comparere
663 2145 902 2229 industriam.
944 2146 1100 2257 Alioqui
1126 2157 1208 2233 He·

184 2264 468 2383 mingfordium
480 2293 483 2297 ·
495 2272 720 2380 neutiquam
745 2271 967 2364 defloraffet
985 2276 1209 2363 concinna·

185 2408 264 2502 lor,
294 2397 441 2480 nedum
458 2395 571 2504 ipsius
591 2398 726 2481 scrinia
740 2400 992 2506 compilaffet.
1039 2402 1117 2485 Sed
1142 2433 1208 2486 nc-

184 2551 259 2637 que
281 2538 397 2631 puto,
425 2546 647 2632 temporum
672 2520 810 2604 seriem
840 2520 941 2604 adeo
966 2524 1115 2607 notaffe
1142 2527 1207 2611 vel

181 2644 544 2758 Hemingfordium,
571 2649 633 2729 vel
658 2649 777 2730 etiam
796 2650 1205 2756 concinnatorem5ut

182 2773 326 2857 auxilio
345 2774 478 2855 nostro
501 2773 560 2855 nil
585 2800 683 2881 opus
706 2774 765 2860 sit.
812 2776 980 2878 Contra,
1009 2776 1123 2887 nobis
1138 2786 1206 2860 ne·

183 2897 281 2979 cede
310 2898 433 2981 visum
459 2898 527 2998 est,
551 2899 600 2980 'in
619 2898 810 3004 lectorum
836 2899 1027 3002 levamen,
1059 2901 1206 3007 pariter

180 3043 300 3134 atque
325 3021 590 3133 adjumentum
621 3022 699 3107 sure'
735 3020 953 3130 subsidium,
989 3023 1209 3112 chronolo«

179 3148 286 3259 giam
306 3146 442 3253 utique
456 3145 623 3256 margini
637 3143 866 3229 adscribere.
906 3146 1030 3260 Qod
1043 3177 1201 3259 quoque

179 3272 481 3384 intelligendum
501 3274 557 3354 est
575 3271 626 3354 de
643 3296 765 3379 opera
785 3271 939 3377 nostra,-
952 3275 994 3355 in
1011 3275 1200 3385 ejusmodi

178 3398 353 3481 limiliter
369 3399 626 3510 chronologia
647 3396 897 3508 delig-nanda-
908 3397 958 3480 ad
978 3426 1088 3488 oram
1105 3430 1201 3486 ano·

180 3522 391 3622 nyniavirae
403 3519 574 3606 Edvardi
593 3522 696 3607 mn
725 3520 850 3633 Q0d
864 3520 1011 3606 idcirco
1025 3527 1099 3617 tibi
1110 3557 1199 3639 gra·

177 3647 360 3731 tiffimum
382 3644 471 3729 fore
490 3628 671 3759 auguror,
696 3650 789 3758 quia
807 3649 896 3732 alibi
919 3649 961 3733 id
986 3680 1109 3763 genus
1127 3671 1196 3740 no·

177 3777 255 3859 ster
278 3776 391 3859 labor
410 3777 576 3860 maxime
597 3777 784 3886 placuerit
808 3780 1034 3885 lectoribus,
1063 3810 1197 3892 quem-

177 3901 391 3985 admodum
406 3901 501 3983 mihi
521 3904 650 3988 testati
665 3902 755 3990 sunt
770 3906 895 3990 amici.
925 3907 1197 4015 Ablitautem‚

176 4049 220 4111 ut
236 4024 499 4134 nosmetipsos
516 4026 726 4113 laudemus.
750 4070 768 4082 „.
782 4035 881 4116 Nou
898 4036 1198 4141 pollum'tauren
1303 4127 1308 4137 x

175 4179 257 4245 nou
277 4175 461 4256 monere,
487 4149 706 4264 huiusmodi
727 4154 1030 4271 chronologiam
1058 4163 1203 4271 margia

259 4325 263 4332 ·
727 4279 753 4363 f
761 4284 797 4371 '2
1130 4314 1196 4367 na·
