3000 5075
448 459 873 537 APPENDIX.

127 623 129 628 ·
157 598 377 686 praesencium,
393 601 433 664 ad
453 603 616 670 ostiumet
629 609 750 671 exitum
764 607 859 672 dieta
871 609 983 674 domus
997 613 1177 696 capitularia

157 697 340 780 accederet,
364 698 589 782 altaquevoce
604 703 829 789 proclamaret,
856 707 890 771 si
911 710 965 792 qui
979 709 1033 772 alii
1049 710 1088 772 ab
1109 709 1179 793 ipsis

124 793 133 855 l
156 800 397 866 commonachis
412 816 446 864 et
460 804 671 867 confratribus
680 819 757 868 tunc
772 804 891 869 ibidem
905 806 1123 890 praesentibus,
1132 820 1180 872 ‘ut

115 916 120 929 ·
156 896 377 980 praemittitur,
394 897 581 982 existerent,
601 899 655 982 qui
669 898 709 962 de
722 902 805 983 jure,
821 901 876 964 seu
885 901 926 966 de
937 901 1178 987 consuetudine,

157 1005 210 1053 aut
224 996 334 1075 quavis
355 996 416 1058 alia
436 998 579 1080 racione,
601 999 636 1060 in
655 996 821 1061 eleccione
839 999 935 1063 futuri
957 1001 1076 1066 abbatis
1099 1001 1178 1065 dieti

157 1089 344 1156 monasterii
358 1109 434 1158 runc
445 1097 586 1158 vacantis
606 1115 643 1158 ea
657 1097 728 1158 vice
742 1096 889 1160 interesse
901 1095 1068 1181 deberent,
1089 1095 1178 1183 quod

158 1201 238 1251 tunc
252 1186 292 1251 ad
307 1187 424 1253 disiam
448 1188 580 1254 domum
596 1191 802 1279 capitularem
821 1212 879 1274 per
893 1192 938 1276 se,
963 1192 1016 1258 seu
1034 1214 1093 1278 per
1107 1194 1181 1260 suos

157 1300 381 1363 procuratores
397 1282 532 1349 idoneos
545 1284 735 1350 sufficienter
755 1301 789 1349 et
805 1288 839 1350 in
857 1287 960 1353 sorma
971 1291 1047 1372 juris
1061 1291 1181 1357 consti·

158 1393 261 1464 tutos,
285 1381 476 1446 accederent
491 1383 544 1447 seu
556 1386 716 1464 venirent,
735 1403 886 1447 unacum
901 1383 968 1468 ipso
982 1385 1079 1450 fratre
1091 1385 1179 1453 Wil-

158 1470 262 1539 lelmo
274 1475 383 1541 Albon
392 1479 512 1561 priore,
529 1496 562 1541 et
572 1480 687 1543 ceteris
703 1479 762 1540 suis
772 1477 980 1542 confratribus
990 1493 1023 1543 et
1033 1499 1181 1544 commo-

158 1574 271 1638 nachis
283 1574 421 1659 superius
436 1577 625 1658 nominatis,
637 1575 677 1637 de
687 1575 853 1637 eleccione
863 1574 960 1638 futuri
970 1575 1090 1639 abbatis
1101 1574 1183 1659 ejus·

161 1666 238 1733 dem
253 1672 435 1736 monasterii
449 1672 625 1755 tractaturi,
647 1693 684 1737 ac
695 1674 758 1755 jus,
774 1670 896 1756 siquod
906 1674 940 1734 in
949 1672 1008 1737 hac
1019 1688 1109 1757 parte
1123 1675 1181 1738 ha·

161 1765 290 1851 herent,
320 1767 527 1853 prosecuturi,
552 1769 592 1834 ad
606 1771 867 1851 eleccionemque
884 1766 1061 1851 hujusmodi
1084 1769 1181 1851 usque

159 1864 200 1929 ad
215 1864 344 1929 finalem
354 1867 597 1949 expedicionem
605 1867 668 1931 five
678 1867 936 1952 complecionem
950 1864 1087 1947 ejusdem
1096 1867 1182 1930 ulte·

1081 467 1084 473 ’
1183 496 1323 556 enxvn

1208 636 1251 701 A.
1268 637 1314 703 D:

1218 737 1310 800 1451.

159 1963 225 2023 rius
238 1961 420 2042 process'uri.
453 1962 495 2027 Et
507 1965 719 2026 incontinenti
741 1962 812 2046 post
826 1959 928 2026 diuus
945 1963 1093 2046 magister
1108 1964 1181 2028 Ro·
1275 1996 1277 2001 ·

160 2057 270 2120 bertus
282 2056 322 2120 ad
335 2057 450 2121 ostium
463 2074 496 2122 et
513 2061 633 2123 exitum
646 2058 740 2123 dieta
754 2056 867 2121 domus
880 2057 1060 2142 capitularis
1074 2055 1180 2122 acces·

162 2152 212 2236 fit,
226 2169 261 2216 et
270 2154 390 2217 ibidem
404 2156 467 2218 alta
480 2174 562 2219 voce
573 2157 699 2239 publice
716 2153 945 2238 proclamavit,
958 2167 1051 2236 prout
1063 2153 1081 2215 a
1096 2169 1179 2233 prae·
1253 2215 1263 2247 r

160 2248 410 2335 satoWillelmo
422 2252 531 2316 Albon
544 2257 663 2337 priore,
681 2270 716 2318 ut
727 2252 904 2336 praefertur,
918 2252 1028 2315 habuit
1040 2251 1075 2314 in
1089 2267 1180 2313 man·

161 2344 255 2411 datis.
300 2346 403 2411 Fadia
414 2366 493 2411 vero
508 2349 777 2430 proclamatione,
797 2347 893 2413 rediit
909 2347 997 2410 illico
1010 2347 1180 2430 praedidtus

160 2441 310 2526 magister
324 2443 486 2508 Robertus
498 2445 537 2509 ad
553 2447 720 2530 praefatum
733 2448 864 2511 fratrem
878 2447 1080 2512 Willelmum
1090 2447 1180 2527 prio·

161 2560 245 2624 rem,
261 2544 368 2609 &nos
377 2546 411 2606 in
423 2543 508 2609 dista
522 2546 621 2611 domo
635 2547 816 2612 existentes.
848 2542 999 2627 nobisque
1015 2542 1121 2605 retulit
1131 2539 1179 2604 se-

161 2636 255 2721 riose,
280 2639 571 2722 proclamacionem
584 2639 772 2724 hujusmodi,
793 2653 829 2703 ut
848 2640 1063 2722 praemittitur,
1085 2635 1116 2699 se
1130 2636 1180 2699 fe·'

162 2732 248 2817 cisse,
271 2731 423 2819 adiciens,
445 2735 530 2821 quod
540 2736 644 2801 nullus
652 2737 845 2821 comparuit,
865 2733 970 2817 quiad
984 2733 1076 2815 ipsius
1092 2730 1179 2795 elec·

162 2833 264 2894 cionis
278 2829 384 2894 adium
398 2836 496 2917 peciit
509 2830 540 2895 se
550 2831 688 2916 admitti,
699 2848 753 2897 aut
762 2835 796 2895 in
806 2851 844 2896 ea
858 2844 948 2915 parte
960 2826 1181 2913 praetendebat

163 2924 293 3010 aliquod
306 2928 461 2993 interesse.
485 2927 558 3016 Qa
570 2928 731 2992 relacione
740 2929 837 3012 fasta,
847 2928 1062 2994 incontinenti
1072 2926 1179 3009 poste·

163 3025 225 3087 rius
244 3022 280 3084 in
294 3021 412 3085 eisdem
425 3023 477 3087 die
495 3039 528 3087 et
541 3024 616 3088 loco
630 3025 796 3109 capitulari
815 3024 908 3089 lesiae
923 3023 1050 3087 fuerunt
1062 3022 1179 3087 litterae

164 3112 327 3197 'patentis
340 3119 436 3201 regiae
450 3118 540 3203 super
559 3118 667 3180 habita
680 3117 815 3182 licencia
829 3116 867 3178 ad
888 3113 1126 3197 procedendum
1144 3114 1187 3202 iq

163 3212 343 3295 eleccione,
355 3215 467 3296 quibus
481 3213 586 3296 ledis,
600 3213 697 3276 frater
709 3213 892 3278 Willelnrus
907 3210 1016 3274 Albon
1033 3210 1120 3293 prior
1129 3207 1179 3271 di-

163 3306 233 3374 &us
247 3308 323 3372 vice
340 3309 405 3393 sua,
434 3326 467 3374 et
486 3312 630 3374 omnium
650 3312 845 3375 confratrum
864 3308 1002 3391 suorum,
1023 3321 1057 3371 et
1076 3307 1179 3370 tocius

164 3398 357 3466 Conventus
369 3402 559 3468 Monasterii
573 3402 670 3467 nostri
684 3401 842 3487 praedicti,
858 3416 934 3465 tunc
947 3400 1026 3464 inibi
1040 3396 1179 3482 praesen-

163 3496 263 3575 cium,
287 3495 393 3579 palam
406 3513 439 3561 et
453 3497 580 3580 publice
595 3500 720 3561 monuit
734 3517 771 3562 ac
787 3494 927 3581 expresse
942 3514 1054 3558 omnes
1067 3508 1100 3557 et
1117 3493 1179 3557 sm-

165 3592 262 3677 gulos*
271 3596 578 3676 excommunicatos,
599 3594 757 3678 suspensos
776 3611 809 3658 et
829 3590 1028 3674 interdidios,
1052 3610 1180 3654 necnon

163 3690 378 3775 quoscumque
393 3690 486 3773 alios,
506 3690 595 3773 siqui
618 3689 701 3754 forte
720 3707 796 3753 tunc
810 3688 909 3751 essent
925 3685 1104 3772 praesentes,
1125 3686 1181 3768 qui

164 3782 203 3847 de
213 3786 289 3865 Jure
303 3780 353 3845 seu
368 3783 408 3846 dc
422 3782 649 3849 consuetudine
669 3788 703 3848 in
716 3787 728 3823 ²
739 3782 806 3868 ipso
821 3782 993 3846 eleccionis
1012 3780 1180 3846 consuetu·

161 3879 237 3942 dine
252 3878 474 3943 intereffenon
484 3877 653 3963 deberent,
663 3878 749 3962 quod
759 3877 799 3940 de
810 3875 895 3941 dida
908 3874 1006 3940 domo
1017 3874 1183 3959 capitulari

163 3973 367 4056 recederent,
384 3995 420 4038 ac
435 3975 534 4058 ipsum
555 3976 697 4056 priorem
709 3989 743 4038 et
758 3974 851 4055 alios,
871 3972 921 4053 jus
936 3987 970 4035 er
983 3990 1079 4036 voces
1093 3971 1128 4033 in
1144 3989 1184 4033 ea

163 4089 253 4161 parte
268 4071 435 4155 habentes,
459 4072 579 4154 eligere
592 4071 693 4135 libere
713 4072 947 4156 permitterent.
983 4063 1184 4140 Protestaba·

167 4176 1184 4205 W

419 4247 694 4325 redamaremus.
735 4195 942 4318 cffipripsa.

1092 4328 1186 4396 ¹tur

1381 1326 1391 1355 l
