3000 5075
200 481 295 541 xxm
375 463 381 542 1

514 447 1153 555 PJRAEFATIO.
1298 374 1301 391 ’

125 638 132 649 “
215 622 217 626 ’
329 626 1346 743 Rectiffimestilbngfletus:quemobservonontan·

199 800 201 804 ⁴
249 785 251 791 ’
329 782 412 842 tum
430 758 699 870 apographum
713 750 928 861 contuli‘ffe,
937 751 1053 836 sed&
1065 779 1346 862 nonnunquam

331 888 495 993 proprio
511 894 642 998 Marte
661 877 895 962 emendasse.
951 875 1190 987 stillingfleti
1211 902 1348 957 manus

331 1010 464 1117 paffim
481 1000 991 1116 cernitur,quemadmodum
1003 997 1245 1085 &hincinde
1259 1027 1351 1083 con·

168 1205 177 1222 ,
333 1136 493 1247 spicitur
510 1138 628 1218 etiam
647 1131 816 1215 hominis
833 1126 1028 1240 cujusdam
1041 1154 1191 1233 manua,
1219 1127 1351 1211 astil-

331 1262 499 1374 lingfleti
519 1289 636 1345 manu
651 1256 806 1369 prorsus
829 1254 915 1336 alia.
958 1254 990 1338 is
1007 1280 1104 1335 vero
1124 1253 1247 1336 homo
1265 1253 1351 1364 quis

333 1383 452 1469 fuerit
483 1392 619 1497 (quem
640 1404 773 1468 tamen
793 1378 1032 1492 Stiflingfleti
1049 1378 1258 1461 amicitiam
1281 1378 1350 1461 fibi

332 1509 549 1594 conciliasse
566 1511 734 1619 opinor)
751 1504 912 1591 minime
931 1499 1188 1586 manifestum.
1227 1506 1349 1587 Certe

333 1643 357 1718 e
373 1638 518 1719 notulis
537 1626 693 1741 clamm,
721 1630 975 1743 stillingfleto
993 1629 1119 1736 aliosr
1135 1646 1276 1737 prater
1295 1634 1350 1712 A·

172 1782 176 1789 '
222 1790 227 1796 ·
333 1763 630 1867 rundellianum‚
652 1755 946 1870 Hemingsordii
968 1757 1136 1840 Codices
1152 1757 1259 1840 fuiffe
1282 1785 1351 1840 no·

336 1909 398 1972 tos
411 1893 520 1974 Mss.
556 1890 612 1968 At
625 1884 947 2003 Arundellianum
963 1885 1059 1991 aliis,
1075 1912 1174 1995 quoe
1188 1884 1353 1994 viderat,

334 2007 623 2118 praeferendum
642 2009 718 2092 effe
733 2008 1195 2116 Codicibusexistimaffe,
1220 2035 1270 2091 ex
1284 2035 1353 2095 eo·

321 2137 424 2217 'dem
441 2137 554 2243 ipsius
570 2134 800 2247 apographo
815 2135 856 2217 in
871 2134 1032 2242 proclivi
1048 2135 1105 2216 est
1118 2135 1350 2248 intelligere.

332 2261 450 2342 Adeo
463 2262 508 2343 u't
521 2261 571 2343 de
583 2287 630 2342 ea
645 2286 687 2341 re
706 2259 845 2342 frustra
861 2260 948 2369 quis
963 2260 1193 2370 ambigeret.
1240 2269 1352 2372 Apos
1392 2354 1394 2358 ,

333 2385 524 2494 graphum
539 2384 660 2494 igitur
680 2374 869 2493 quum'ab
886 2381 971 2492 ipso
991 2384 1241 2498 stillingfleto
1264 2416 1353 2471 exa·

179 2515 182 2521 ’
334 2509 526 2591 minatum
552 2505 659 2591 fuiffe
676 2505 768 2612 satis
792 2504 840 2589 fit
864 2505 1037 2611 evidens,
1066 2511 1224 2593 nonest
1243 2513 1352 2621 quod

329 2636 415 2747 jure
432 2653 599 2747 oggerat
619 2634 770 2742 aliquis,
799 2660 871 2715 nos
891 2634 1074 2716 incaffum
1100 2635 1242 2718 eodem
1260 2635 1350 2721 usos

278 2783 297 2812 ··
335 2758 459 2846 fuiffe.
499 2747 793 2867 Contra'laude
806 2758 936 2865 potius
950 2758 1092 2870 dignos
1106 2762 1181 2842 effe
1196 2762 1351 2845 statuet.

335 2881 455 2966 Sicuti
478 2900 520 2961 et
539 2907 589 2962 eo
614 2878 779 2961 nomine
800 2908 873 2963 nos
891 2882 1010 2965 etiam
1035 2871 1250 2969 laudandos
1276 2890 1353 2971 effe

241 3007 242 3011 ‘
337 3004 507 3111 putabit,
533 3001 640 3112 quod
665 3027 725 3109 ea,
750 3030 839 3113 quae
856 3001 1121 3097 desiderantur
1144 3006 1186 3087 in
1210 3009 1353 3113 Galen,

336 3128 386 3208 ad
419 3126 588 3237 ejusdem
615 3125 733 3207 fidem
767 3125 1021 3211 describenda
1054 3129 1132 3209 effe
1160 3127 1350 3214 duxerim.

337 3255 469 3366 Qam
485 3254 655 3337 nostram
670 3253 899 3361 opinionem
922 3253 1017 3357 illud
1033 3253 1216 3361 firmavit,
1243 3261 1352 3368 quod

198 3414 200 3419 >
337 3379 525 3477 sciverim,
554 3374 858 3487 stillingfletum,
882 3378 937 3484 ob
951 3379 1150 3490 egregiam
1169 3384 1352 3487 peritiam

338 3502 381 3585 in
404 3502 573 3585 historiis
590 3504 834 3608 Britannicis,
860 3505 1007 3612 pariter
1025 3527 1142 3614 atque
1161 3506 1203 3586 in
1223 3507 1353 3591 studiis

338 3626 591 3739 Theologicis
610 3657 656 3712 ac
668 3628 857 3741 juridicis,
877 3631 1051 3716 laudibus
1073 3631 1227 3744 firmmis
1241 3633 1352 3725 firiffe

208 3822 211 3826 .
338 3751 587 3846 celebratum.
629 3758 718 3837 Hac
736 3771 844 3836 certe
866 3751 918 3835 de
939 3756 1139 3859 caussam,
1159 3781 1245 3865 quae
1260 3786 1353 3842 con·

338 3874 465 3960 servat
495 3877 763 3989 apographum
791 3865 1144 3990 stillingfletianum
1173 3882 1351 3966 nondum

338 3998 379 4081 in
396 4000 520 4084 lucem
535 3999 655 4108 edita,
673 4001 897 4087 adamussim
914 4006 1101 4107 ascribo,
1124 4032 1177 4091 ne
1189 4005 1352 4115 quidem

258 4186 264 4199 .
335 4122 477 4208 omiffis
491 4124 635 4212 notulis
650 4127 769 4216 etiam
782 4130 869 4238 iuis,
883 4126 1266 4245 seuitStillingfleto²
1288 4132 1354 4217 seu

1227 4257 1360 4382 etiam·
