3000 5075
304 504 567 585 Hrsrontn
605 507 849 586 Envnnut
890 507 1065 585 P'ntur.
1255 537 1303 611 37

177 661 271 735 diam
288 664 441 734 Domino
463 662 507 733 de
528 669 626 751 Brus,
652 682 686 735 et
702 664 864 736 ultimam
882 669 1037 737 Domino
1056 666 1101 738 de
1122 669 1191 737 Ha·
1223 664 1266 730 Α.
1284 664 1329 730 D.

164 770 314 862 'stinges,
332 795 374 841 ex
387 762 528 867 quarum
544 768 702 860 sanguine
721 772 871 869 praedidi
882 775 1056 874 Johannes
1070 796 1105 845 et
1117 777 1192 845 Ro·
1230 765 1320 827 ¹²9²

177 877 297 954 bertus
313 906 391 951 cum
403 881 560 982 Johanne
576 880 620 951 de
634 879 811 971 Hastinges
829 880 1064 956 succeffionem
1078 887 1190 974 Regni
1268 912 1271 928 ¹

178 988 416 1062 vendicabant.
466 997 591 1065 Verum
614 992 696 1087 quia
718 994 876 1080 Regnum
899 989 1002 1061 debet
1019 1015 1191 1088 nunquam

178 1097 302 1187 dividi,
316 1118 364 1187 et,
392 1120 428 1170 ut
442 1106 461 1170 a
477 1098 677 1197 quibusdam
692 1097 879 1187 dicebatur,
898 1103 1108 1196 ¹proximior
1122 1104 1194 1171 Re-

179 1212 238 1301 gio
255 1209 409 1302 sanguini
424 1210 607 1300 debeatur3
633 1210 813 1309 praedidus
824 1211 999 1284 Robertus
1014 1211 1059 1284 de
1073 1215 1191 1305 Bruys,

171 1320 265 1392 'licet
279 1319 322 1392 de
335 1317 479 1394 secunda
493 1319 608 1392 sorore
623 1318 754 1411 exillet,
767 1343 881 1393 tamen
897 1326 931 1393 in
947 1350 1002 1411 e0,
1014 1319 1107 1416 quod
1119 1317 1191 1392 san-

178 1435 276 1523 guini
296 1435 484 1529 proximior
498 1436 533 1504 in
549 1459 617 1502 uno
630 1454 702 1504 erat
717 1433 837 1533 gradu,
850 1437 968 1534 peciit,
978 1429 1022 1519 le,
1030 1453 1195 1528 tanquam

179 1540 335 1634 sanguini
350 1548 603 1641 proximiorem,
611 1544 654 1616 ad
668 1549 782 1636 Regni
794 1543 1026 1617 succeffionem
1040 1544 1188 1615 admitti.

178 1655 339 1728 Praeditti
350 1657 601 1747 tamenarbitri,
612 1662 781 1731 racionem
793 1686 860 1730 non
871 1659 1192 1756 admittentes,prae-

178 1764 276 1840 dicto
288 1769 440 1868 Johanni
455 1768 499 1839 de
516 1769 673 1858 Balliolo,
683 1773 874 1869 tanquame
889 1771 1114 1866 primogenita
1130 1791 1190 1837 ex-

179 1881 290 1970 eunti,
311 1878 542 1951 succellionem
558 1881 673 1970 Regni
691 1881 817 1949 Scociae
831 1876 1077 1975 adjudicarunt.
1113 1880 1191 1949 Re'x

179 2013 260 2058 vero
275 1989 397 2078 noster,
415 2015 533 2061 eorum
548 1984 784 2085 amplectendo
795 1984 986 2075 arbitrium,
1001 1986 1115 2058 'eidem
1128 1990 1192 2082 Jo-

178 2094 283 2167 hanni
302 2099 462 2186 Regnum
480 2097 606 2166 Scociae
621 2118 698 2164 cum
715 2096 808 2163 omni
826 2095 1021 2185 integritate
1034 2095 1191 2183 restituit,

178 2203 271 2287 salvo
282 2204 344 2280 fibi
357 2209 518 2298 homagio
529 2203 586 2277 suo
600 2224 632 2273 et
647 2202 813 2276 fidelitate
827 2230 890 2302 pro
903 2223 1054 2304 ternpore
1064 2201 1193 2278 facien-

180 2315 229 2387 di.
274 2319 342 2388 Die
358 2341 438 2390 vero
451 2316 563 2386 Sandi
577 2311 718 2397 Andreae'
734 2314 896 2411 Apostoli,
917 2314 1010 2387 idem
1021 2315 1207 2414 Johannes·
1301 2343 1308 2422 Α,

178 2426 223 2498 de
240 2424 389 2499 Balliolo
414 2425 552 2512 effectus
575 2426 622 2511 est
637 2429 713 2497 Rex
735 2427 876 2515 Scotiae,
902 2450 997 2497 more
1013 2430 1192 2498 Scotorum

157 2540 242 2638 'qui
264 2534 425 2632 sequitur.
479 2534 577 2636 Apud
601 2535 844 2608 Monasterium
866 2535 910 2608 de
936 2538 1044 2610 Scone
1064 2538 1193 2639 posrtus

179 2668 253 2720 erat
268 2645 354 2743 lapis
370 2643 567 2744 pergrandis
582 2649 618 2717 in
631 2643 775 2717 Ecclesra
790 2648 855 2735 Dei
870 2646 967 2742 juxta
982 2648 1087 2744 majus
1104 2647 1190 2721 alta·

180 2781 228 2847 re,
254 2782 420 2846 concavus
443 2754 596 2854 quidem,
621 2754 664 2825 ad
683 2754 825 2841 modum
845 2754 998 2845 rotunda
1022 2756 1191 2830 cathedrae

179 2862 367 2954 confed'tus,
385 2868 421 2935 in
439 2889 509 2961 quo
522 2861 629 2934 futuri
644 2866 769 2955 Reges,
783 2861 861 2933 loco
872 2858 965 2960 quast
980 2864 1191 2937 Cotonacio·
1305 2877 1308 2881 '

180 2978 244 3064 nis,
271 2973 548 3073 ponebantur'ex
571 2998 675 3044 more.
713 2992 748 3045 et
772 2966 965 3070 hujusmodi
988 2978 1066 3047 novi
1084 2976 1191 3067 Regis

168 3087 356 3186 depoficio
372 3088 415 3161 ad
437 3088 607 3159 Comitem
623 3086 667 3157 de
685 3083 758 3181 Fyf
769 3086 845 3183 jure
862 3084 1069 3158 hereditario
1085 3089 1193 3183 perti·

178 3194 294 3287 nebat,
310 3194 422 3267 ifado
432 3198 468 3267 in
477 3195 685 3292 juramento,
702 3191 797 3290 quod
813 3190 955 3266 sanctam
967 3198 1115 3267 Matrem
1128 3200 1193 3266 Ec·
1248 3261 1251 3268 .

178 3301 312 3377 clefiam
332 3303 564 3404 populumque
580 3301 639 3375 fibi
657 3301 844 3400 subje'd’tum
863 3304 947 3400 juste
966 3306 1116 3397 regendo
1131 3305 1193 3378 de·

177 3409 349 3505 studeret,
362 3412 537 3512 Legesque
553 3412 659 3486 bonas
672 3412 850 3503 conderet,
867 3411 1071 3511 usitatasque
1088 3438 1123 3488 et
1137 3417 1191 3494 ine

178 3546 296 3600 ventas
305 3522 410 3625 usque
422 3525 465 3599 ad
477 3546 620 3599 mortem
632 3525 860 3597 continuaret.
886 3527 982 3616 Rege
996 3527 1114 3625 itaque
1127 3555 1190 3600 no·

178 3665 224 3713 vo
240 3641 277 3713 in
293 3637 407 3739 lapide
421 3636 544 3739 polito,
556 3635 734 3711 Miffarum
750 3629 948 3731 sollempnia
963 3637 1097 3737 incepta
1114 3664 1193 3737 per·

176 3776 339 3853 aguntur,
355 3779 401 3845 et,
415 3776 638 3856 praeterquam
654 3756 689 3827 in
703 3751 898 3824 elevacione
913 3750 996 3825 sacri
1012 3757 1191 3836 Dominici

177 3873 349 3968 corporis,
372 3868 503 3968 semper
518 3869 685 3968 lapidatus
700 3862 829 3943 mansit.
878 3868 949 3939 Die
965 3887 1077 3957 autem
1100 3866 1192 3940 beati
1216 3900 1219 3909 ¹

202 4095 235 4139 ·1
259 4068 452 4139 Proximiori
464 4067 631 4136 emendavit
639 4069 676 4135 cl.
688 4069 833 4156 Stidingfl.
843 4069 875 4130 in
885 4070 923 4127 0.
954 4071 1057 4150 Neque
1064 4070 1152 4133 aliter
1160 4071 1194 4133 ἰ»

177 4162 326 4237 non.
367 4162 832 4256 aFactotuntjuramento,T.
861 4157 1193 4249 Fastotandemjura·

179 4272 309 4349 mento,
324 4256 376 4334 π,
586 4275 594 4292 .
686 4303 690 4308 .
742 4305 744 4313 ,
857 4262 861 4274 ’
1103 4338 1188 4409 Pro·
