3000 5075
334 361 378 466 P
413 364 463 466 R
498 363 575 465 AE
598 365 655 465 'F
685 364 810 465 AT
847 367 873 468 I
908 367 969 469 0.·
1224 394 1279 452 cv

137 531 354 648 parvoaere
368 552 584 652 nunquam,
600 554 670 623 ¹tmt
680 538 866 623 ratiffime
878 561 1166 652 compararent.

136 670 175 747 E
202 665 341 776 quibus
364 664 594 747 hominibus
610 685 652 745 et
680 664 762 772 ipse
791 656 909 749 etiam
938 668 995 749 est
1020 672 1165 757 amicus
1248 762 1251 768 .

137 793 470 902 nosteregregius
484 794 658 903 Joannes
672 792 1167 905 Murraius,quifragmen·

139 935 194 1020 tr,
206 917 357 1026 pariter
373 944 420 1000 ac
433 917 552 1001 libros
564 943 673 1000 raros
691 919 880 1030 integros,
889 921 969 1031 jam
980 947 1051 1029 per
1067 924 1167 1007 mul·

142 1067 205 1131 tos
234 1076 364 1133 annos
392 1050 577 1161 colligere
601 1050 814 1135 consuevit.
861 1053 1068 1159 Specimen
1088 1052 1167 1136 fra·

143 1176 398 1284 grn'entorom
428 1174 741 1256 Murraianorom
768 1204 855 1258 cum
881 1175 986 1282 alibi,
1017 1198 1101 1260 tum
1124 1190 1166 1264 &
1193 1247 1195 1251 .

140 1299 246 1410 apud
254 1301 497 1411 Hemingum
512 1300 684 1395 nostrum
700 1299 833 1390 habes.
862 1307 993 1412 Atque
1006 1331 1054 1385 ex
1069 1305 1166 1416 ejus-

143 1424 253 1509 modi
274 1427 508 1537 fragmentis
532 1454 616 1508 non
637 1426 776 1536 exigua
805 1415 894 1536 pars
915 1427 1029 1536 ipfius
1046 1431 1164 1513 colle-

142 1545 285 1631 ettonis
298 1547 504 1631 conflatur.
533 1548 707 1658 Rejebtis
722 1549 805 1632 aliis
821 1548 1039 1657 permultis,
1053 1578 1165 1662 quos,

144 1673 312 1760 fiotiom
330 1675 442 1781 effer,
469 1674 667 1759 celebrare
686 1677 836 1781 liceret,
863 1676 967 1757 Petri
988 1677 1023 1758 le
1045 1681 1164 1763 Neve

145 1801 337 1887 duntaxat
351 1830 457 1886 none
471 1801 660 1910 temporis
672 1800 811 1882 faciam
824 1801 1084 1906 mentionem,
1098 1806 1166 1914 qui

149 1928 257 2011 nullis
273 1921 359 2033 sete
372 1924 547 2010 terminis
564 1924 786 2007 institutum
801 1919 910 2003 suom
922 1921 972 2004 de
987 1927 1166 2036 Antiqui-

145 2053 291 2140 tatibus
312 2052 396 2165 agri
420 2049 672 2137 Norfolciani
696 2046 985 2130 conscribendis
1006 2050 1166 2134 circum·
1326 2036 1328 2039 ⁵

107 2228 110 2245 .
150 2177 292 2290 scripfit
308 2196 377 2262 aut
391 2176 559 2278 definiit,
576 2201 657 2283 quo
669 2172 797 2255 minut
814 2173 865 2254 ad
881 2172 1083 2264 arbitrium
1099 2178 1165 2260 va?

107 2332 110 2401 j
146 2296 332 2410 'garetun
358 2310 499 2411 ltaque
514 2300 629 2382 nullis
644 2295 748 2407 quasi
761 2295 891 2403 septus
904 2298 1093 2404 terminis,
1106 2300 1166 2380 ni·
1303 2322 1305 2329 ’

125 2502 128 2511 ,
153 2422 200 2507 hil
215 2426 285 2511 fibi
300 2424 679 2536 praetermittendum
697 2423 772 2504 effe
779 2421 980 2532 judicavit,
994 2424 1101 2532 quod
1113 2425 1164 2509 ad

153 2557 398 2666 antiquitates
413 2555 562 2636 nostras
582 2550 822 2661 omnigenas*
837 2548 998 2656 spectat.
1039 2552 1164 2635 Unde

155 2688 202 2785 ὅτ,
223 2679 426 2794 Ragfordii
452 2680 502 2761 ad
521 2679 753 2786 exemplum,
781 2674 1004 2786 fragmenta
1024 2676 1163 2763 itidem

155 2806 327 2920 collegit;
358 2804 721 2916 putansscilicetin
735 2804 869 2886 iisdem
884 2804 987 2887 forte
1001 2806 1166 2892 fortuna-

159 2936 310 3043 reperiri
323 2935 490 3042 potuiffe
513 2961 593 3015 non
614 2958 739 3041 pauca
758 2929 809 3012 ad
823 2956 907 3012 rem
920 2929 1056 3032 suam!¹
1077 2937 1161 3016 Ne·

156 3083 220 3166 que
240 3058 419 3165 dubium,
444 3060 536 3169 quin
557 3083 689 3167 opetae
708 3057 877 3165 pretium
901 3053 1011 3137 fuiffe
1029 3083 1166 3166 caper*
1307 3064 1311 3072 “

156 3201 208 3267 tua
221 3185 285 3269 srt.
321 3182 369 3268 ld
389 3180 512 3296 genus
525 3185 685 3297 vestigia
701 3204 863 3266 manent
876 3183 916 3287 in
932 3183 1162 3296 fragmentis

153 3306 230 3418 iltis,
246 3338 334 3421 quae
345 3337 395 3394 ex
408 3311 519 3421 ipsius
533 3310 771 3394 collectione
785 3308 880 3392 mihi
898 3307 1063 3392 donavit
1080 3316 1162 3395 Ro-

154 3434 277 3521 bertus
295 3438 457 3543 Nemus,
490 3439 645 3548 dequo
671 3437 855 3545 superius.
900 3434 1161 3552 Ejusdemque
1195 3524 1200 3530 ,
1246 3464 1248 3469 ·

154 3583 315 3645 monetae
338 3563 524 3672 perplura
548 3585 738 3670 praeterea
755 3561 892 3643 habuit
910 3568 969 3642 Ie
985 3567 1113 3669 Neve,
1137 3569 1162 3645 ὲ

107 3731 109 3786 ÷
153 3688 278 3795 quibus
294 3700 337 3773 St
358 3711 541 3799 typorum
565 3686 822 3803 (quorundam
841 3689 1036 3794 prelorum
1054 3710 1162 3770 vete·
1230 3731 1237 3752 =

107 3805 109 3860 ³
142 3811 1161 3926 'rumielegantiaaliquatenuseliciqueat.Nonaliud

154 3938 323 4049 equidem
338 3940 396 4022 est
410 3936 504 4020 illud
516 3935 779 4048 fragmentum
797 3935 955 4019 Miffalis
968 3935 1161 4046 cujusdam

155 4066 399 4172 membranei,
419 4065 704 4176 elegantissime
721 4066 857 4175 extuli,
885 4068 993 4177 quod
1010 4068 1051 4150 in
1075 4069 1161 4148 reli·

111 4185 114 4190 ⁵
166 4196 334 4282 ·v01.1.
759 4221 786 4272 o
837 4241 839 4245 =
1065 4195 1163 4304 quiit
1317 4181 1319 4185 ¹
