3000 5075
221 506 296 598 148
515 483 771 577 Wanrrur
811 497 1180 576 Hunrnorono

201 665 244 730 Α,
261 665 307 729 D,
338 647 426 718 &am
450 645 676 746 spoliaverunt
700 649 801 721 bonis
819 647 949 738 multis,
974 668 1010 720 et
1031 667 1253 746 peremerunt
1271 649 1350 718 inea

192 766 300 828 '¹297·
340 754 520 855 plusquam
540 757 706 831 ducentos
724 761 815 831 viros
830 759 969 850 eleetos,
996 762 1058 858 qui
1077 754 1110 831 se
1129 760 1246 854 primo
1261 754 1353 832 dede·
1392 776 1394 788 '

340 890 417 940 rant
431 871 520 960 Regi
540 869 653 941 nostro
670 872 706 940 in
730 873 845 967 primo
866 866 1013 940 adventu
1023 866 1102 964 suo.
1160 866 1271 960 Qod
1287 868 1353 963 qui·

338 976 420 1047 dem
441 975 569 1049 fastum
589 975 735 1048 multum
757 975 934 1077 displicuit
949 980 996 1067 ei,
1023 997 1059 1048 et
1077 974 1248 1074 quosdam
1266 977 1353 1077 hujus

339 1086 471 1160 sceleris
488 1090 642 1161 nudiores
653 1086 744 1185 juffit
760 1093 796 1161 in
813 1083 908 1162 furca
925 1084 1094 1186 suspendi.

505 1388 670 1493 Qmodo
686 1408 809 1483 treugas
827 1381 960 1461 inierunt
978 1367 1080 1480 Reges
1094 1386 1199 1482 ausiti.

282 1538 322 1641 'l
406 1553 527 1624 Nrun
551 1557 731 1645 Magnates
749 1552 925 1653 plurimos,
953 1553 1013 1648 qui
1032 1552 1236 1640 cum-Rege
1254 1549 1354 1623 nostro

353 1720 356 1727 ,
423 1655 576 1748 aderant,
603 1656 743 1730 affuerat
759 1656 999 1729 illediscretus
1014 1656 1080 1752 vir,
1106 1653 1354 1730 fraterWillel·

341 1793 416 1840 mus
428 1767 473 1839 de
486 1766 949 1857 Hothom·,oumblaniens1s
962 1767 1103 1854 elesius,
1116 1770 1182 1862 qui
1194 1769 1354 1840 noticiam

342 1877 676 1975 familiaritatemque
685 1881 792 1970 Regis
801 1880 962 1965 Franciae,
974 1880 1268 1968 etMagnatorum
1279 1880 1355 1978 ejus·

341 1990 421 2061 dem
443 1992 569 2081 Regni,
594 2010 820 2079 contraxerat,
842 1989 924 2063 dum
947 1993 981 2061 in
996 1989 1199 2083 Theologia
1219 1989 1355 2064 Parisios

341 2101 457 2173 multis
470 2122 505 2172 et
518 2104 655 2193 egregie
671 2124 804 2174 texerat
820 2104 929 2172 annis.
963 2105 1045 2172 Erat
1058 2103 1153 2172 enirn
1170 2100 1216 2173 de
1230 2100 1355 2174 Ordine

341 2213 622 2304 Praedicatorum,
638 2216 849 2285 et'Nacione
865 2209 1033 2303 Anglicus.
1078 2215 1153 2283 Hic
1166 2216 1309 2288 mittens
1318 2211 1368 2308 ad

342 2323 476 2410 Regem
490 2321 649 2416 Franciae,
664 2323 879 2416 peregrinum
895 2316 926 2390 se
941 2318 1043 2389 finxit
1058 2321 1095 2390 in
1114 2341 1209 2393 terra
1223 2319 1294 2410 sua,
1307 2321 1354 2394 di·

342 2450 422 2499 cens
439 2426 471 2497 sc
484 2426 571 2499 velle
585 2424 754 2524 proficisci
767 2427 809 2497 ad
822 2425 958 2497 Curiam
969 2420 1211 2522 A'postolicam,
1224 2429 1274 2502 ob
1286 2457 1353 2503 cau·

242 2582 248 2587 -
342 2532 409 2609 sam
427 2541 622 2609 vocacionis
640 2535 701 2610 suae
715 2538 758 2608 ad
774 2536 885 2609 sedern
899 2527 1215 2632 Dumblaniensem,
1242 2546 1354 2639 peciit·

342 2676 408 2747 que
420 2649 461 2722 ab
476 2648 548 2748 ipso
562 2654 658 2741 Rege
675 2653 807 2723 Literas
824 2650 1052 2740 conductivae,
1072 2673 1110 2721 ut
1127 2648 1218 2725 salvo
1234 2659 1353 2728 veniret

342 2759 386 2829 ad
399 2785 486 2847 euin,
504 2780 539 2829 et
553 2759 693 2855 pacifice
708 2759 907 2855 loqueretur
923 2763 966 2829 ei.
1008 2759 1103 2852 Qas
1117 2784 1199 2830 cum
1212 2760 1258 2832 de
1270 2762 1353 2838 facili

344 2862 562 2965 impetrasset,
584 2870 714 2954 Regem
730 2866 828 2954 adiit,
846 2887 880 2935 et
893 2865 1032 2964 pacifice
1046 2867 1190 2960 quidem
1206 2870 1352 2967 loquens,

342 2995 381 3044 ut
399 2995 478 3069 pote
497 2972 637 3059 multum
652 2970 776 3043 habens
792 2976 937 3070 pectoris
950 2994 984 3044 et
997 2974 1174 3065 sermonis,
1193 2975 1239 3049 src
1254 2984 1353 3077 impe·

342 3088 458 3174 travit,
485 3084 578 3179 quod
602 3083 682 3182 hinc
707 3105 742 3167 et
763 3085 843 3156 inde
866 3086 910 3157 ad
932 3109 1043 3158 certos
1063 3087 1158 3159 diem
1181 3111 1218 3161 et
1245 3090 1352 3167 locum

343 3194 407 3263 viri
425 3192 558 3288 pacifici
573 3213 608 3263 et
622 3189 759 3263 discreti
773 3196 1001 3284 mitterentur,
1018 3196 1134 3294 quide
1149 3224 1235 3295 pace
1250 3201 1353 3299 plena,

260 3382 266 3405 ἱ
286 3344 290 3355 -
341 3300 395 3371 vel
412 3298 530 3370 saltem
545 3297 588 3369 de
604 3320 720 3387 treuga
734 3302 927 3392 traderent,
954 3327 1029 3373 cum
1046 3303 1188 3397 cffedtu,
1216 3307 1351 3383 fadum·

342 3433 410 3505 que
430 3407 476 3477 est
500 3409 557 3475 ita.
612 3404 715 3476 Unde
738 3407 863 3480 habitis
885 3435 945 3504 per
962 3409 1035 3483 dies
1053 3435 1205 3510 quatuor
1225 3438 1263 3488 et
1285 3420 1350 3492 loca

340 3517 471 3592 diversa
485 3515 680 3587 tradatibus
695 3520 795 3589 variis
808 3542 843 3589 et
861 3519 1045 3618 colloquiis
1061 3526 1195 3617 multis,
1218 3529 1349 3602 tandem

302 3713 306 3731 ,v
340 3635 377 3702 in
400 3633 522 3726 quinto
538 3626 596 3697 die
615 3650 842 3700 convenerunt
858 3634 1037 3721 Magnetes
1056 3637 1163 3724 Regis
1183 3636 1348 3737 utriusque

230 3807 237 3828 Ι
341 3743 454 3832 Regni
473 3737 560 3837 apud
579 3741 731 3834 Turnay,
754 3763 901 3838 exparte
919 3738 1049 3813 scilicet
1068 3746 1178 3835 Regis
1197 3751 1345 3839 Francia,
1362 3770 1363 3773 ’

230 3866 233 3872 ’
279 3856 282 3860 ’
341 3854 422 3918 Dux
438 3842 657 3936 Burgundiae,
682 3844 805 3915 Comes
819 3845 861 3917 de
878 3849 1001 3919 Sancio
1025 3850 1144 3939 Paulo,
1171 3856 1298 3929 Comes
1310 3858 1346 3929 de

339 3958 525 4042 Britannia,
541 3954 706 4022 Dominus
722 3949 766 4022 de
778 3954 884 4047 Nele,
902 3977 937 4028 et
949 3956 1137 4056 Episcopus
1150 3960 1197 4032 de
1215 3971 1343 4051 ¹Aucer,

621 4170 844 4255 1Anriser,T·.
874 4152 1066 4260 nuceum.
