3000 5075
167 461 176 530 ‘⁷
253 447 1028 542 rHiarortraE'ovnnurPirrrrr.
1120 438 1145 479 ⁵
1199 488 1276 567 143

108 600 206 677 dos
216 600 384 689 Comites,
394 623 473 673 tum
483 593 550 674 suis
565 593 948 694 sequacibusomuibrrs,
955 621 1071 675 contra
1083 608 1156 679 no·
1187 627 1230 693 Α,
1248 625 1298 697 D,

118 714 266 791 minitat
278 713 410 802 Regem
429 709 557 785 servare
570 706 736 781 deberent
753 706 870 782 illaesos
886 731 922 784 et
942 711 1153 812 indempnes.
1197 727 1305 795 muru

114 821 311 903 Convenit
333 822 456 909 eoiam,
479 821 571 891 utin
588 817 730 908 crastino
754 819 867 890 Sandi
890 821 1062 897 Nicholai
1076 830 1158 924 Epi·

107 924 230 1028 .sr;opi
248 949 380 1004 eertum
403 925 500 1025 super
518 927 585 1000 hoc
606 923 801 1023 responsum
816 927 1009 1024 acciperent
1026 924 1157 1027 abipso
1176 1007 1178 1009 ,

112 1040 245 1132 Rege,
259 1034 320 1113 sub
334 1037 397 1111 hac
411 1035 618 1117 condicione
634 1036 779 1134 adjedia,
795 1057 846 1140 ut,
862 1032 978 1111 fiRex
994 1037 1158 1137 praeditea

120 1148 263 1248 scripta
279 1147 475 1242 confignata
495 1152 691 1222 remitteret
706 1168 741 1218 et
758 1147 944 1249 ratificaret
961 1153 1088 1239 omnia,
1112 1174 1157 1227 err

117 1279 214 1347 tune
231 1257 276 1333 ad
289 1258 486 1333 mandatum
497 1260 605 1351 Regis
619 1248 726 1331 iidem
740 1255 793 1329 vel
807 1254 851 1329 ad
862 1259 995 1352 Regem
1009 1260 1156 1335 inFlan-

121 1366 258 1460 daiam,
282 1367 337 1442 uel
361 1388 480 1440 contra
500 1367 609 1440 hostes
631 1361 709 1439 suos
733 1368 770 1439 in
789 1368 941 1440 Scociam
959 1367 1156 1469 proficisce-

107 1502 254 1565 -reotut
271 1478 315 1553 ad
337 1500 467 1552 votum.
504 1476 709 1581 Misdsergo
726 1475 939 1549 Nuntiisad
956 1475 1067 1573 ipsum
1081 1483 1174 1558 Dos
1291 1549 1294 1561 ,

110 1593 268 1677 {minum
289 1594 421 1682 Regem
437 1584 642 1688 scripserunt
663 1590 696 1659 ei
714 1584 888 1660 secretarii
906 1584 969 1677 sui,
994 1609 1034 1661 ut
1049 1588 1074 1661 fi
1090 1590 1155 1664 ho·

119 1724 256 1781 norem
268 1698 502 1791 suum,statum
518 1721 552 1772 et
562 1702 722 1793 Regnum
733 1694 857 1772 salvate
870 1719 906 1770 et
919 1700 1154 1801 retinerepro-

122 1831 291 1917 poneret,
317 1807 479 1908 predicta
496 1812 613 1881 omnia
629 1811 822 1883 remitteret
835 1805 1037 1906 consignata.
1078 1811 1162 1907 Qi'
1222 1851 1225 1858 =

118 1919 276 1997 *dem
299 1922 336 1997 in
361 1941 436 2005 arto
462 1917 603 2019 positus,
629 1942 705 1993 eum
725 1921 795 2016 jam
819 1915 994 1992 haesitasset
1012 1944 1075 2019 per
1090 1925 1154 1994 tti-

152 2057 253 2121 uum,
265 2028 435 2105 uoviffime
449 2050 577 2115 tamen,
588 2048 625 2100 ut
638 2025 741 2100 corda
753 2024 891 2100 snorum
906 2032 1084 2121 retineret,
1094 2056 1155 2104 vm

123 2145 321 2241 tineorum
342 2142 461 2213 annuit
482 2139 519 2212 in
542 2137 725 2237 ptaemiffis,
750 2159 786 2219 et
803 2141 921 2236 omnia
941 2140 1101 2214 conceffit
1117 2162 1154 2217 et

123 2251 366 2357 perordinem
387 2253 614 2329 confirmarit.
658 2255 726 2335 Pro
749 2251 812 2323 hac
832 2271 949 2327 autem
971 2252 1155 2329 confima-
1215 2275 1217 2278 ’

122 2366 231 2441 eione
247 2364 427 2438 Certatum
443 2363 691 2462 praedidrarum,
709 2389 789 2437 cum
805 2365 871 2437 suis
886 2363 1054 2461 adjundtis
1070 2391 1155 2462 prae-
1182 2361 1184 2365 ’

120 2471 246 2563 diois,
270 2472 440 2548 dederuut
461 2477 642 2567 Magnates
659 2476 879 2549 Terracum
896 2480 1069 2550 communi
1087 2481 1154 2551 Po·
1223 2516 1226 2525 *

125 2583 215 2685 pulo
236 2610 366 2660 nonum
382 2584 577 2677 denarium,
602 2584 884 2687 Archiepiscopus
905 2586 1154 2664 Cantuarienfis

120 2720 209 2774 curn
223 2692 284 2768 suo
297 2694 401 2768 Cieto
416 2695 592 2770 decimum
605 2694 798 2788 denarium,
808 2719 844 2771 et
857 2697 1007 2774 Eburum
1023 2700 1152 2777 oleatus

123 2832 211 2883 cum
234 2804 297 2881 suo
315 2808 435 2897 Clero,
458 2812 519 2906 qui
544 2812 810 2907 propinquiores
832 2810 983 2911 periculo
1008 2816 1150 2888 ¹ertite·

126 2939 225 3010 runt,
249 2922 408 3017 quintum
423 2919 615 3011 denarium,
641 2925 677 2994 in
696 2920 878 2998 subsidium
895 2949 1023 3018 guerrae
1041 2928 1150 3021 Regis

126 3034 166 3106 in
180 3033 305 3124 Regno
319 3034 458 3105 Scociae.
493 3038 602 3107 Lanos
615 3034 725 3107 etiam
739 3034 996 3130 Religiosotum
1010 3058 1047 3107 et
1059 3037 1148 3112 alio·

128 3171 209 3220 rum
223 3143 268 3217 de
288 3144 529 3245 Populoprius
540 3166 713 3243 acceperat
726 3148 817 3238 Rex,
833 3174 911 3222 cum
927 3150 1147 3246 protestatio·

127 3278 175 3328 ne
192 3271 323 3346 tamen,
339 3252 435 3352 quod
450 3254 674 3331 ailocerentur
689 3254 863 3333 incudem
880 3264 1016 3359 quinto.

271 3558 432 3660 Quaado
448 3564 581 3635 Comites
592 3557 795 3653 ptrcefferunt'
807 3564 839 3632 in
847 3564 999 3634 Sciriam.
1025 3622 1028 3630 .
1104 3542 1106 3546 ⁴

127 3697 326 3908 REX
348 3712 457 3785 eciam
473 3714 584 3789 noster
596 3739 659 3809 pet
671 3718 805 3788 Literas
821 3711 895 3790 suas'
911 3712 1073 3815 speciales
1089 3740 1148 3789 ro«

279 3819 371 3907 gavit
391 3817 530 3893 eosdem
547 3822 714 3911 Comites,
740 3841 776 3894 et
796 3841 930 3893 eeteros
952 3826 1150 3914 magnates,-

128 3911 191 4028 'qui
208 3926 437 4006 remanserant
459 3933 497 4006 in
515 3929 651 4023 Anglia,
666 3924 727 4023 ut,
750 3931 836 4008 ficut
860 3931 961 4010 suum
978 3954 1014 4006 et
1033 3937 1147 4009 tocius

127 4063 224 4119 terrae
236 4042 431 4135 Anglitanae
446 4043 613 4117 honorem
623 4041 822 4133 diligerent,
835 4068 913 4118 cum
930 4043 1149 4122 festinacione

498 4254 512 4299 1
537 4234 730 4323 Extiterunt,
745 4243 778 4303 T.
892 4266 895 4274 ·

1087 4347 1144 4419 1³²·
