3000 5075
329 503 1080 606 PRAEFATIO..¹

1224 527 1291 630 xoi
1374 486 1380 500 ’

133 714 136 719 ’
155 679 363 763 certiores
370 684 523 765 nostros
539 682 814 787 Wicclevistas,
832 628 1173 764 manifestissimum
1264 670 1287 713 ·'

155 806 232 887 esse
243 805 438 890 existimo
464 807 658 917 Qidni
650 829 779 916 itaque
795 822 834 893 δι
851 813 1026 893 Henrico
1045 815 1175 895 Vlll⁰

153 940 347 1041 regnante
375 932 609 1015 domorum
606 930 879 1042 religiosarum
914 934 1173 1015 destructores

153 1082 233 1138 non
255 1056 354 1140 alios
375 1080 493 1168 atque
506 1057 771 1165 Wicclevistas
797 1057 1174 1139 fuissedeclararini?

151 1178 249 1292 Qo
268 1181 399 1264 minus
411 1172 609 1282 faciainus,
637 1181 736 1262 nihil
753 1181 951 1289 prohibet,
980 1180 1101 1261 modo
1115 1178 1172 1259 hi·

153 1303 282 1387 storiis
315 1306 547 1389 authenticis
578 1307 804 1401 credamiis;
840 1332 1059 1413 quanquam
1091 1329 1172 1382 non

153 1451 290 1531 pauca,
318 1427 369 1509 ad
399 1427 545 1510 'cladem
564 1427 771 1509 domorum
787 1426 1172 1538 ‘ejusmodispeotan-

154 1551 224 1650 tia,
250 1581 323 1635 nos
342 1554 479 1659 latent,
505 1559 529 1634 ὲ
556 1547 705 1636 schedis
727 1562 841 1636 MSS.
867 1553 1103 1653 elucidanda,
1132 1553 1170 1632 iii

152 1670 474 1764 bibliothecarum
493 1680 639 1790 angulis
653 1678 810 1789 aliisque
826 1681 919 1763 locis
933 1681 1089 1761 fortean
1105 1678 1170 1759 ad-

152 1800 323 1888 servatis.
382 1803 501 1918 Qod
530 1803 637 1886 simul
664 1809 831 1914 atquea
859 1830 922 1885 me
951 1802 1169 1887 audiverint
1204 1840 1209 1846 ·

152 1930 410 2013 Wic'clevistae
422 1929 614 2034 hodierni,
625 1929 879 2009 vehementer
895 1927 1001 2009 sorte
1019 1925 1172 2009 succen-

152 2050 306 2158 sebunt,
329 2054 486 2161 seseque
502 2073 665 2161 propter
678 2052 774 2132 iram
790 2052 1052 2132 macerabant.
1097 2056 1173 2131 lta·

153 2206 230 2291 que
246 2207 369 2289 quum
385 2180 477 2260 satis
497 2179 688 2261 insaniant
713 2175 779 2260 sua
796 2179 949 2284 sponte,
978 2205 1027 2259 ne
1051 2175 1172 2284 operd

153 2304 537 2415 uostrhinstigemuq
565 2298 777 2411 sed'potius
794 2301 1054 2407 misereamur,
1082 2301 1171 2382 hor·

107 2494 109 2499 ·
152 2455 361 2544 teriturque
376 2435 508 2538 etiam,
522 2452 565 2515 ut
579 2433 645 2542 ipsi
662 2433 893 2541 resipiscant,
907 2456 1101 2541 opemque
1115 2428 1170 2511 se·

131 2576 242 2670 ,rant
258 2559 352 2640 viris
374 2554 533 2638 eruditis
554 2575 668 2666 atque
686 2556 784 2660 aliis,
812 2558 1086 2638 coenobiorum
1111 2557 1181 2637 hi-·
1289 2596 1293 2599 ,

152 2681 311 2766 storiam
328 2711 514 2792 perquam
533 2704 746 2765 accuratam
768 2686 948 2765 emittere
973 2685 1013 2763 in
1037 2683 1169 2763 animo

153 2803 396 2888 habentibus.
442 2799 585 2888 Saltem
600 2807 794 2908 laborent,
824 2834 874 2887 ne
889 2804 1010 2913 perse
1027 2805 1167 2886 stetisse

107 2943 116 2952 “
142 2932 236 3041 'quia
255 2931 404 3037 credat,
432 2960 512 3040 quo
531 2934 655 3016 minus
675 2932 716 3016 id
741 2960 869 3048 genus
885 2958 980 3039 opus
1002 2928 1169 3037 prodeat

153 3080 388 3162 accuratum,
400 3053 620 3171 omnibusq;
633 3064 802 3142 numeris
813 3057 1039 3140 absolutum.
1079 3047 1171 3139 Pro·

153 3180 243 3264 inde
258 3184 406 3293 gratias
429 3207 470 3262 re
496 3208 585 3263 vera
605 3202 724 3293 agant
743 3182 962 3263 dostiflimo
976 3179 1169 3282 'Archei·o,
1254 3177 1256 3183 ’

153 3307 429 3392 archidiacono
445 3306 641 3411 wellensi,
667 3309 734 3417 qui
751 3308 1033 3391 Narrationem
1052 3306 1170 3388 histo·

154 3433 345 3516 ricam'de
360 3432 538 3515 domibus
558 3432 745 3544 religiosis
770 3434 811 3514 in
830 3430 1003 3514 Dioecesi
1024 3431 1168 3513 Batho-

153 3555 336 3640 Wellensi
365 3551 577 3659 contexuit,
612 3554 800 3664 nobisque
834 3555 1052 3658 transmisit,
1081 3555 1169 3655 alia,

154 3682 200 3765 ad
221 3685 477 3793 antiquitates
492 3682 804 3790 pertinentias
796 3703 850 3760 ita
868 3709 926 3763 res
945 3679 1059 3782 seret,
1071 3682 1172 3787 post

154 3807 225 3892 hac
241 3806 536 3921 transmissurus
581 3808 663 3917 Qii
688 3805 779 3888 sane
794 3835 844 3889 eo
870 3808 991 3916 magis
1013 3808 1169 3889 laudan
1256 3879 1260 3886 .

149 3936 235 4045 dus,
263 3932 399 4043 quod
391 3963 429 4016 iii
446 3933 517 4016 hac
530 3932 791 4045 consignanda
812 3931 898 4015 usus
918 3931 963 4012 sit
982 3928 1221 4044 Registris

157 4058 369 4158 veteribus,
391 4057 527 4183 quibus
542 4056 660 4140 fidem
678 4058 867 4139 suminam
892 4055 968 4172 effe
984 4053 1171 4136 adhiberi

154 4183 241 4272 darn
271 4184 419 4289 canui,
446 4182 614 4292 partium
635 4180 762 4268 studio
784 4166 1010 4291 neutiquam
1037 4178 1174 4280 dediti,

744 4335 782 4391 m
813 4341 834 4387 2
1053 4331 1173 4416 agno-
