3000 5075
239 512 320 565 222
528 469 785 566 Wnu'rrur
821 482 1185 565 Hnurrvurottu

154 644 158 651 '
225 646 269 713 A.
281 648 326 717 D.
357 636 565 735 quindenam
583 639 686 714 santii
702 639 871 740 Johaonis
886 640 1039 736 Baptistae
1052 639 1145 739 apud
1164 638 1358 716 Karlioluu.

227 732 320 813 ¹30⁶·
355 753 435 824 Rex
447 772 559 826 autem
575 755 611 825 io
628 752 774 825 adventu
787 751 859 842 suo,
879 747 999 823 manfit
1013 751 1103 851 apud
1119 754 1332 826 'Lavercolb

404 869 548 937 Interim
565 864 635 962 ipse
648 889 752 937 novus
766 889 825 936 rex
836 863 963 935 Scociae
976 866 1068 962 cepit
1082 863 1260 957 homagia,
1277 862 1360 939 etle-

356 979 406 1050 cit
422 977 590 1052 mirabilia
606 1002 736 1071 magna,
756 996 1041 1074 ¹congregatoque
1060 980 1241 1051 excercitu
1255 978 1359 1076 copio

354 1084 406 1174 so,
420 1089 576 1160 circuivit
588 1085 683 1158 illam
696 1089 870 1179 regionem
883 1082 989 1184 usque
1002 1081 1046 1156 ad
1061 1083 1179 1158 villam
1192 1082 1359 1187 sanstiJo·

354 1195 475 1266 bannis
497 1194 541 1268 de
558 1198 671 1270 Perte.
722 1201 769 1269 Et
790 1215 862 1268 erat
884 1193 933 1267 ibi
959 1196 995 1265 in
1017 1190 1178 1290 prae'fidio
1200 1198 1359 1272 Dominus

352 1308 548 1381 ’Emericus
568 1306 614 1379 de
629 1304 791 1384 Walence
805 1302 877 1383 fere
897 1329 973 1377 curn
991 1306 1159 1378 trecentis
1173 1311 1312 1382 armatis
1329 1317 1358 1384 dt

354 1414 562 1512 pedestribus
577 1413 757 1514 aliquibus.
798 1422 1103 1517 ¹llpparueruntque
1122 1416 1276 1491 Scotiin
1288 1418 1358 1492 albis

352 1525 390 1595 in
407 1549 526 1616 magna
536 1525 767 1611 multitudiue.
811 1529 862 1597 Ex
876 1542 1046 1622 precepto
1058 1523 1156 1594 enim
1173 1529 1215 1595 &
1234 1521 1358 1594 ordina·

354 1631 451 1701 tione
467 1635 555 1723 regis
571 1656 701 1724 eorum,
726 1656 843 1704 omnes
863 1633 983 1704 armati
1001 1633 1038 1703 in
1057 1630 1162 1727 equis
1179 1626 1358 1703 babuerunt

354 1736 456 1837 supra
466 1744 580 1814 omnia
589 1767 681 1815 arma
692 1743 813 1817 vestem
823 1740 1020 1831 lineam,ita
1033 1735 1131 1836 quod
1143 1762 1268 1811 omnes
1279 1735 1355 1834 qurfi

353 1851 392 1925 in
410 1851 581 1926 ’camiseis
594 1853 678 1927 albis
691 1853 965 1942 viderentur,nec
975 1849 1127 1926 discerni
1142 1868 1279 1947 poterat
1288 1851 1354 1946 quis

353 1965 437 2058 quae
447 1962 500 2035 vel
518 1960 629 2062 qualia
645 1962 913 2041 deferretarrna.
953 1958 1121 2059 Mifitque
1134 1985 1198 2034 rex
1213 1962 1355 2047 nuncios,

352 2089 394 2142 ut
409 2070 650 2163 egrederentur
663 2073 767 2146 nostri
787 2071 831 2145 ad
847 2067 1064 2170 pugnandum
1076 2096 1159 2143 cum
1171 2096 1232 2163 eo,
1246 2071 1298 2145 vel
1308 2065 1356 2141 da·

354 2200 432 2251 rent
450 2176 483 2254 se
500 2185 553 2269 εἰς
578 2205 613 2255 at
638 2184 690 2257 illi
707 2184 862 2257 videntes
880 2179 913 2255 se
930 2203 1073 2254 numero
1093 2184 1291 2280 pauciores,
1313 2204 1356 2253 re·

353 2285 560 2384 sponderunt
577 2296 609 2364 ei
620 2315 729 2383 caute,
745 2294 843 2394 quod
859 2318 928 2365 non
942 2290 1190 2382 egrederentur
1204 2311 1298 2382 tunc,
1308 2286 1356 2363 sed

351 2395 409 2468 die
425 2398 564 2468 cra'stina
580 2419 766 2498 pugnarent
782 2425 858 2472 cum
873 2424 915 2498 eo
927 2397 1085 2486 libenter,
1104 2403 1215 2496 ⁴quia
1226 2401 1300 2475 dies
1314 2399 1332 2472 f
1342 2442 1354 2456 ·

351 2509 417 2582 llus
431 2530 514 2583 erat.
563 2515 643 2583 Erat
656 2514 745 2585 enim
762 2510 835 2585 dies
854 2512 1036 2585 Dominica
1057 2517 1218 2608 proxima
1232 2516 1300 2616 post
1311 2512 1355 2587 fe·

349 2616 434 2689 stum
452 2629 463 2669 ⁵
479 2620 599 2694 natalis
614 2619 703 2693 beati
718 2623 885 2720 Johanuis
899 2623 1062 2717 Raptistae.
1112 2627 1196 2696 Rex
1214 2651 1295 2699 vero
1309 2629 1355 2698 ui·

350 2726 413 2795 mis
426 2725 593 2819 credulus,
616 2734 759 2802 retraxit
777 2730 861 2816 sein
875 2729 985 2823 verbis
1001 2732 1082 2823 istis,
1105 2754 1142 2804 et
1156 2741 1305 2808 tentoria
1319 2736 1354 2807 fi·

349 2832 401 2902 xit
423 2830 514 2928 quali
534 2832 577 2904 ab
595 2859 663 2905 uno
681 2835 831 2908 miliario
847 2835 890 2907 ab
906 2834 1001 2924 urbe,
1025 2858 1060 2907 et
1086 2864 1354 2941 praeparaverunt

346 2937 473 3011 cibaria
490 2937 556 3011 sua.
606 2944 727 3014 Nostri
747 2968 826 3015 vero
850 2941 1076 3040 loquebantur
1094 2945 1293 3024 adinvicem
1307 2951 1352 3023 di·

345 3070 476 3119 centes:
501 3055 537 3121 Si
549 3056 801 3144 expeliavevimus
815 3052 905 3145 usqru
920 3057 952 3122 in
967 3052 1128 3148 crastinum
1143 3081 1204 3127 non
1212 3064 1350 3152 prevale-

345 3162 442 3233 bimus
455 3166 496 3249 ei,
517 3166 590 3254 quia
602 3162 713 3255 fortior
728 3165 810 3237 nobis
825 3164 876 3260 ιβ.
917 3166 977 3235 Seri
982 3164 1013 3260 β
1032 3168 1200 3239 exierimus
1216 3173 1250 3240 in
1268 3173 1351 3265 vespe·

344 3274 401 3358 ris,
421 3272 612 3346 obtinebimus
628 3294 730 3349 contra
746 3301 827 3366 eum,
852 3279 925 3370 quia
941 3278 1025 3347 mod
1041 3298 1156 3349 vacant
1172 3285 1260 3353 circa
1276 3285 1349 3354 cile-

342 3384 390 3447 ria
399 3384 607 3470 preparanda.
646 3386 812 3454 Exierunt
823 3405 905 3473 ergo
918 3383 955 3451 in
972 3379 1118 3478 vesperis
1132 3405 1172 3455 ut
1190 3386 1348 3460 condixe-

342 3509 433 3576 rant,
458 3512 493 3558 er
513 3494 712 3566 invenerunt
729 3518 787 3566 eos
802 3491 1035 3566 recumbentes
1051 3490 1183 3586 secure,
1209 3521 1245 3572 et
1263 3520 1347 3572 ante·

341 3624 442 3699 quam
457 3597 586 3698 pollent
598 3627 715 3675 omnes
731 3599 919 3689 ascendere,
937 3604 1109 3675 irruerunt
1122 3606 1158 3675 in
1173 3631 1234 3680 eos
1254 3610 1346 3681 vehe-

340 3731 483 3799 menter,
493 3706 646 3811 caefisq'ue
657 3712 783 3801 multis,
798 3737 921 3802 regern,
935 3736 1011 3782 curn
1023 3716 1138 3808 paucis
1151 3714 1345 3818 6aliquirdr'u

339 3819 555 3909 relrsteutem,
580 3826 616 3894 in
637 3822 751 3913 fugam
774 3821 912 3894 tandem
931 3844 1196 3899 converterunt..
1236 3834 1345 3923 Fugit-

340 3954 409 4024 que
422 3954 480 4003 tex
497 3956 612 4020 novus,
638 3939 674 4005 &
687 3929 832 4005 insecuti
850 3929 924 4003 snut
940 3955 1019 4003 eum
1033 3931 1138 4031 usque
1152 3939 1192 4009 in
1206 3937 1344 4013 insulam

379 4142 394 4189 1
418 4127 620 4194 Lavercrosts
634 4137 666 4194 T.
709 4156 728 4199 2
749 4133 929 4201 Henericus
953 4141 986 4198 T.
1031 4157 1046 4219 3
1065 4141 1121 4201 Vel
1132 4142 1180 4222 (ut
1188 4145 1221 4206 in
1231 4144 1278 4222 Τ.)
1297 4161 1343 4206 ca·

338 4214 443 4282 mifiis.
484 4220 590 4309 4Qi
605 4228 638 4287 T.
681 4226 909 4306 5Nativitatis
922 4233 955 4291 T.
996 4231 1177 4316 6Aliquot
1191 4234 1246 4302 diu
1260 4240 1340 4385 T‘de
