<?xml version="1.0" encoding="UTF-8"?>
<!DOCTYPE html PUBLIC "-//W3C//DTD XHTML 1.0 Transitional//EN"
    "http://www.w3.org/TR/xhtml1/DTD/xhtml1-transitional.dtd">
<html xmlns="http://www.w3.org/1999/xhtml" xml:lang="en" lang="en">
 <head>
  <title>
</title>
<meta http-equiv="Content-Type" content="text/html;charset=utf-8" />
  <meta name='ocr-system' content='tesseract 3.04.00' />
  <meta name='ocr-capabilities' content='ocr_page ocr_carea ocr_par ocr_line ocrx_word'/>
</head>
<body>
  <div class='ocr_page' id='page_1' title='image "./walterihemingfo00waltgoog_0096.png"; bbox 0 0 3000 5075; ppageno 0'>
   <div class='ocr_carea' id='block_1_1' title="bbox 172 467 283 525">
    <p class='ocr_par' dir='ltr' id='par_1_1' title="bbox 172 467 283 525">
     <span class='ocr_line' id='line_1_1' title="bbox 172 467 283 525; baseline -0.027 0"><span class='ocrx_word' id='word_1_1' title='bbox 172 467 283 525; x_wconf 74' lang='lat' dir='ltr'>&#39;XC</span> 
     </span>
    </p>
   </div>
   <div class='ocr_carea' id='block_1_2' title="bbox 337 414 1354 743">
    <p class='ocr_par' dir='ltr' id='par_1_2' title="bbox 337 414 1354 743">
     <span class='ocr_line' id='line_1_2' title="bbox 502 414 1320 578; baseline 0.009 -30"><span class='ocrx_word' id='word_1_2' title='bbox 502 414 755 578; x_wconf 36' lang='lat' dir='ltr'>,PRAE</span> <span class='ocrx_word' id='word_1_3' title='bbox 793 452 835 552; x_wconf 84' lang='lat' dir='ltr'>F</span> <span class='ocrx_word' id='word_1_4' title='bbox 874 421 1165 553; x_wconf 77' lang='lat' dir='ltr'>nrt-0.</span> <span class='ocrx_word' id='word_1_5' title='bbox 1316 517 1320 525; x_wconf 84' lang='lat'>-</span> 
     </span>
     <span class='ocr_line' id='line_1_3' title="bbox 337 626 1354 743; baseline 0.011 -37"><span class='ocrx_word' id='word_1_6' title='bbox 337 628 544 720; x_wconf 86' lang='lat' dir='ltr'>earundem</span> <span class='ocrx_word' id='word_1_7' title='bbox 563 629 799 739; x_wconf 70' lang='lat' dir='ltr'>aMichable</span> <span class='ocrx_word' id='word_1_8' title='bbox 809 626 1004 733; x_wconf 88' lang='lat' dir='ltr'>Hudsono</span> <span class='ocrx_word' id='word_1_9' title='bbox 1015 630 1090 715; x_wconf 81' lang='lat' dir='ltr'>sint</span> <span class='ocrx_word' id='word_1_10' title='bbox 1106 630 1281 743; x_wconf 81' lang='lat' dir='ltr'>signatae,</span> <span class='ocrx_word' id='word_1_11' title='bbox 1297 633 1354 717; x_wconf 90' lang='lat' dir='ltr'>in·</span> 
     </span>
    </p>
   </div>
   <div class='ocr_carea' id='block_1_3' title="bbox 336 755 1378 989">
    <p class='ocr_par' dir='ltr' id='par_1_3' title="bbox 336 755 1378 989">
     <span class='ocr_line' id='line_1_4' title="bbox 336 755 1378 870; baseline 0.007 -33"><span class='ocrx_word' id='word_1_12' title='bbox 336 755 386 837; x_wconf 92' lang='lat' dir='ltr'>de</span> <span class='ocrx_word' id='word_1_13' title='bbox 417 758 588 868; x_wconf 86' lang='lat' dir='ltr'>colligas,</span> <span class='ocrx_word' id='word_1_14' title='bbox 617 761 804 868; x_wconf 88' lang='lat' dir='ltr'>summam</span> <span class='ocrx_word' id='word_1_15' title='bbox 832 758 950 840; x_wconf 89' lang='lat' dir='ltr'>fidem</span> <span class='ocrx_word' id='word_1_16' title='bbox 979 758 1114 856; x_wconf 85' lang='lat' dir='ltr'>iisdem</span> <span class='ocrx_word' id='word_1_17' title='bbox 1139 760 1217 843; x_wconf 83' lang='lat' dir='ltr'>else</span> <span class='ocrx_word' id='word_1_18' title='bbox 1247 759 1378 870; x_wconf 48' lang='lat' dir='ltr'>adhif</span> 
     </span>
     <span class='ocr_line' id='line_1_5' title="bbox 338 879 1360 989; baseline 0.005 -29"><span class='ocrx_word' id='word_1_19' title='bbox 338 879 517 961; x_wconf 89' lang='lat' dir='ltr'>bendam.</span> <span class='ocrx_word' id='word_1_20' title='bbox 564 890 617 963; x_wconf 87' lang='lat' dir='ltr'>Et</span> <span class='ocrx_word' id='word_1_21' title='bbox 632 879 806 989; x_wconf 89' lang='lat' dir='ltr'>quidem,</span> <span class='ocrx_word' id='word_1_22' title='bbox 833 901 876 961; x_wconf 91' lang='lat' dir='ltr'>ut</span> <span class='ocrx_word' id='word_1_23' title='bbox 892 909 1024 964; x_wconf 90' lang='lat' dir='ltr'>verum</span> <span class='ocrx_word' id='word_1_24' title='bbox 1051 879 1191 985; x_wconf 84' lang='lat' dir='ltr'>fatear,</span> <span class='ocrx_word' id='word_1_25' title='bbox 1223 881 1360 965; x_wconf 88' lang='lat' dir='ltr'>admo·</span> 
     </span>
    </p>
   </div>
   <div class='ocr_carea' id='block_1_4' title="bbox 200 1005 1372 1243">
    <p class='ocr_par' dir='ltr' id='par_1_4' title="bbox 200 1005 1372 1243">
     <span class='ocr_line' id='line_1_6' title="bbox 292 1005 1372 1117; baseline 0.006 -31"><span class='ocrx_word' id='word_1_26' title='bbox 292 1094 295 1099; x_wconf 60' lang='grc'>,</span> <span class='ocrx_word' id='word_1_27' title='bbox 338 1005 431 1086; x_wconf 93' lang='lat' dir='ltr'>dum</span> <span class='ocrx_word' id='word_1_28' title='bbox 450 1008 616 1089; x_wconf 81' lang='lat' dir='ltr'>curiosas</span> <span class='ocrx_word' id='word_1_29' title='bbox 636 1005 797 1086; x_wconf 77' lang='lat' dir='ltr'>schedas</span> <span class='ocrx_word' id='word_1_30' title='bbox 821 1007 1108 1113; x_wconf 79' lang='lat' dir='ltr'><strong>appellaverim.</strong></span> <span class='ocrx_word' id='word_1_31' title='bbox 1151 1012 1314 1117; x_wconf 88' lang='lat' dir='ltr'>Utpote</span> <span class='ocrx_word' id='word_1_32' title='bbox 1332 1007 1372 1094; x_wconf 81' lang='grc' dir='ltr'>ὲ,</span> 
     </span>
     <span class='ocr_line' id='line_1_7' title="bbox 200 1129 1358 1243; baseline 0.004 -33"><span class='ocrx_word' id='word_1_33' title='bbox 200 1154 204 1161; x_wconf 65' lang='grc'><strong>“</strong></span> <span class='ocrx_word' id='word_1_34' title='bbox 328 1132 475 1240; x_wconf 81' lang='lat' dir='ltr'>quibus</span> <span class='ocrx_word' id='word_1_35' title='bbox 489 1130 682 1240; x_wconf 89' lang='lat' dir='ltr'>permulta</span> <span class='ocrx_word' id='word_1_36' title='bbox 694 1129 894 1233; x_wconf 86' lang='lat' dir='ltr'>discamus,</span> <span class='ocrx_word' id='word_1_37' title='bbox 904 1129 955 1213; x_wconf 89' lang='lat' dir='ltr'>ad</span> <span class='ocrx_word' id='word_1_38' title='bbox 966 1131 1090 1242; x_wconf 81' lang='lat' dir='ltr'>Regis</span> <span class='ocrx_word' id='word_1_39' title='bbox 1107 1132 1267 1239; x_wconf 90' lang='lat' dir='ltr'>optimi,</span> <span class='ocrx_word' id='word_1_40' title='bbox 1274 1132 1358 1243; x_wconf 84' lang='lat' dir='ltr'>jam</span> 
     </span>
    </p>
   </div>
   <div class='ocr_carea' id='block_1_5' title="bbox 336 1252 1359 1366">
    <p class='ocr_par' dir='ltr' id='par_1_5' title="bbox 336 1252 1359 1366">
     <span class='ocr_line' id='line_1_8' title="bbox 336 1252 1359 1366; baseline 0.01 -34"><span class='ocrx_word' id='word_1_41' title='bbox 336 1255 447 1334; x_wconf 91' lang='lat' dir='ltr'>vultu</span> <span class='ocrx_word' id='word_1_42' title='bbox 464 1252 704 1363; x_wconf 86' lang='lat' dir='ltr'>vestibusque</span> <span class='ocrx_word' id='word_1_43' title='bbox 725 1254 841 1362; x_wconf 84' lang='lat' dir='ltr'>regiis</span> <span class='ocrx_word' id='word_1_44' title='bbox 857 1255 1016 1345; x_wconf 88' lang='lat' dir='ltr'>mutatis</span> <span class='ocrx_word' id='word_1_45' title='bbox 1031 1256 1182 1359; x_wconf 87' lang='lat' dir='ltr'>larvati,</span> <span class='ocrx_word' id='word_1_46' title='bbox 1206 1282 1252 1341; x_wconf 89' lang='lat' dir='ltr'>ac</span> <span class='ocrx_word' id='word_1_47' title='bbox 1268 1284 1359 1366; x_wconf 90' lang='lat' dir='ltr'>per·</span> 
     </span>
    </p>
   </div>
   <div class='ocr_carea' id='block_1_6' title="bbox 216 1374 1358 1488">
    <p class='ocr_par' dir='ltr' id='par_1_6' title="bbox 216 1374 1358 1488">
     <span class='ocr_line' id='line_1_9' title="bbox 216 1374 1358 1488; baseline 0.008 -32"><span class='ocrx_word' id='word_1_48' title='bbox 216 1468 219 1477; x_wconf 34' lang='grc'><strong>,</strong></span> <span class='ocrx_word' id='word_1_49' title='bbox 338 1375 473 1457; x_wconf 87' lang='lat' dir='ltr'>sonam</span> <span class='ocrx_word' id='word_1_50' title='bbox 490 1376 753 1458; x_wconf 88' lang='lat' dir='ltr'>obscuriorem</span> <span class='ocrx_word' id='word_1_51' title='bbox 770 1375 908 1479; x_wconf 87' lang='lat' dir='ltr'>induti,</span> <span class='ocrx_word' id='word_1_52' title='bbox 917 1374 1050 1488; x_wconf 89' lang='lat' dir='ltr'>fugam</span> <span class='ocrx_word' id='word_1_53' title='bbox 1068 1378 1143 1462; x_wconf 86' lang='lat' dir='ltr'>live</span> <span class='ocrx_word' id='word_1_54' title='bbox 1156 1377 1358 1466; x_wconf 81' lang='lat' dir='ltr'>discefl‘um</span> 
     </span>
    </p>
   </div>
   <div class='ocr_carea' id='block_1_7' title="bbox 337 1495 1360 1611">
    <p class='ocr_par' dir='ltr' id='par_1_7' title="bbox 337 1495 1360 1611">
     <span class='ocr_line' id='line_1_10' title="bbox 337 1495 1360 1611; baseline 0.009 -31"><span class='ocrx_word' id='word_1_55' title='bbox 337 1501 589 1608; x_wconf 82' lang='lat' dir='ltr'>pertinentia,</span> <span class='ocrx_word' id='word_1_56' title='bbox 611 1527 697 1610; x_wconf 85' lang='lat' dir='ltr'>quae</span> <span class='ocrx_word' id='word_1_57' title='bbox 710 1495 849 1580; x_wconf 88' lang='lat' dir='ltr'>frustra</span> <span class='ocrx_word' id='word_1_58' title='bbox 864 1501 956 1583; x_wconf 86' lang='lat' dir='ltr'>alibi</span> <span class='ocrx_word' id='word_1_59' title='bbox 973 1529 1134 1611; x_wconf 85' lang='lat' dir='ltr'>quaeras.</span> <span class='ocrx_word' id='word_1_60' title='bbox 1179 1504 1360 1590; x_wconf 82' lang='lat' dir='ltr'>Autheri·</span> 
     </span>
    </p>
   </div>
   <div class='ocr_carea' id='block_1_8' title="bbox 261 1624 1374 1755">
    <p class='ocr_par' dir='ltr' id='par_1_8' title="bbox 261 1624 1374 1755">
     <span class='ocr_line' id='line_1_11' title="bbox 261 1624 1374 1755; baseline 0.007 -45"><span class='ocrx_word' id='word_1_61' title='bbox 261 1724 266 1733; x_wconf 18' lang='lat'>⁵</span> <span class='ocrx_word' id='word_1_62' title='bbox 336 1630 432 1711; x_wconf 87' lang='lat' dir='ltr'>ticas</span> <span class='ocrx_word' id='word_1_63' title='bbox 450 1650 580 1712; x_wconf 88' lang='lat' dir='ltr'>autem</span> <span class='ocrx_word' id='word_1_64' title='bbox 600 1629 675 1709; x_wconf 84' lang='lat' dir='ltr'>effe</span> <span class='ocrx_word' id='word_1_65' title='bbox 694 1651 815 1743; x_wconf 85' lang='lat' dir='ltr'>nemo</span> <span class='ocrx_word' id='word_1_66' title='bbox 832 1624 1078 1755; x_wconf 86' lang='lat' dir='ltr'>dubitaverit,</span> <span class='ocrx_word' id='word_1_67' title='bbox 1109 1631 1285 1715; x_wconf 85' lang='lat' dir='ltr'>cuiuota</span> <span class='ocrx_word' id='word_1_68' title='bbox 1301 1629 1374 1743; x_wconf 56' lang='lat' dir='ltr'>estg</span> 
     </span>
    </p>
   </div>
   <div class='ocr_carea' id='block_1_9' title="bbox 336 1737 1358 1891">
    <p class='ocr_par' dir='ltr' id='par_1_9' title="bbox 336 1737 1358 1891">
     <span class='ocr_line' id='line_1_12' title="bbox 336 1737 1358 1891; baseline 0.002 -55"><span class='ocrx_word' id='word_1_69' title='bbox 336 1753 476 1836; x_wconf 74' lang='lat' dir='ltr'>Bakeri</span> <span class='ocrx_word' id='word_1_70' title='bbox 467 1754 665 1891; x_wconf 86' lang='lat' dir='ltr'>probitas</span> <span class='ocrx_word' id='word_1_71' title='bbox 678 1779 723 1834; x_wconf 86' lang='lat' dir='ltr'>ac</span> <span class='ocrx_word' id='word_1_72' title='bbox 736 1737 961 1869; x_wconf 88' lang='lat' dir='ltr'>incorrupta</span> <span class='ocrx_word' id='word_1_73' title='bbox 956 1750 1082 1836; x_wconf 89' lang='lat' dir='ltr'>fides</span> <span class='ocrx_word' id='word_1_74' title='bbox 1113 1753 1263 1865; x_wconf 86' lang='lat' dir='ltr'>Neque</span> <span class='ocrx_word' id='word_1_75' title='bbox 1286 1757 1358 1863; x_wconf 84' lang='lat' dir='ltr'>est,</span> 
     </span>
    </p>
   </div>
   <div class='ocr_carea' id='block_1_10' title="bbox 168 1843 1357 1992">
    <p class='ocr_par' dir='ltr' id='par_1_10' title="bbox 168 1843 1357 1992">
     <span class='ocr_line' id='line_1_13' title="bbox 168 1843 1357 1992; baseline 0.011 -34"><span class='ocrx_word' id='word_1_76' title='bbox 168 1864 189 1919; x_wconf 49' lang='lat' dir='ltr'>*a</span> <span class='ocrx_word' id='word_1_77' title='bbox 335 1911 403 1966; x_wconf 89' lang='lat' dir='ltr'>cur</span> <span class='ocrx_word' id='word_1_78' title='bbox 422 1905 464 1964; x_wconf 90' lang='lat' dir='ltr'>te</span> <span class='ocrx_word' id='word_1_79' title='bbox 467 1843 609 1992; x_wconf 75' lang='lat' dir='ltr'>legill&#39;e</span> <span class='ocrx_word' id='word_1_80' title='bbox 628 1881 839 1988; x_wconf 87' lang='lat' dir='ltr'>poeniteat,</span> <span class='ocrx_word' id='word_1_81' title='bbox 866 1880 1016 1963; x_wconf 89' lang='lat' dir='ltr'>fiforte</span> <span class='ocrx_word' id='word_1_82' title='bbox 1029 1879 1231 1969; x_wconf 75' lang='lat' dir='ltr'>Michaelis</span> <span class='ocrx_word' id='word_1_83' title='bbox 1244 1884 1357 1969; x_wconf 88' lang='lat' dir='ltr'>Hud-</span> 
     </span>
    </p>
   </div>
   <div class='ocr_carea' id='block_1_11' title="bbox 333 2005 1356 2495">
    <p class='ocr_par' dir='ltr' id='par_1_11' title="bbox 333 2005 1356 2495">
     <span class='ocr_line' id='line_1_14' title="bbox 336 2005 1355 2118; baseline 0.004 -29"><span class='ocrx_word' id='word_1_84' title='bbox 336 2006 438 2089; x_wconf 85' lang='lat' dir='ltr'>soni</span> <span class='ocrx_word' id='word_1_85' title='bbox 434 2032 604 2116; x_wconf 91' lang='lat' dir='ltr'>unquam</span> <span class='ocrx_word' id='word_1_86' title='bbox 619 2005 668 2088; x_wconf 90' lang='lat' dir='ltr'>ad</span> <span class='ocrx_word' id='word_1_87' title='bbox 686 2028 725 2087; x_wconf 91' lang='lat' dir='ltr'>te</span> <span class='ocrx_word' id='word_1_88' title='bbox 741 2005 850 2089; x_wconf 88' lang='lat' dir='ltr'>fama</span> <span class='ocrx_word' id='word_1_89' title='bbox 860 2024 1097 2113; x_wconf 81' lang='lat' dir='ltr'>pervenerit</span> <span class='ocrx_word' id='word_1_90' title='bbox 1122 2007 1163 2089; x_wconf 90' lang='lat' dir='ltr'>in</span> <span class='ocrx_word' id='word_1_91' title='bbox 1177 2028 1355 2118; x_wconf 88' lang='lat' dir='ltr'>quotan-</span> 
     </span>
     <span class='ocr_line' id='line_1_15' title="bbox 335 2130 1355 2241; baseline 0.004 -28"><span class='ocrx_word' id='word_1_92' title='bbox 335 2151 378 2214; x_wconf 89' lang='lat' dir='ltr'>ta</span> <span class='ocrx_word' id='word_1_93' title='bbox 401 2135 527 2214; x_wconf 88' lang='lat' dir='ltr'>inerat</span> <span class='ocrx_word' id='word_1_94' title='bbox 546 2132 665 2214; x_wconf 91' lang='lat' dir='ltr'>virtus</span> <span class='ocrx_word' id='word_1_95' title='bbox 681 2131 827 2238; x_wconf 86' lang='lat' dir='ltr'>pariter</span> <span class='ocrx_word' id='word_1_96' title='bbox 843 2151 959 2240; x_wconf 90' lang='lat' dir='ltr'>atque</span> <span class='ocrx_word' id='word_1_97' title='bbox 981 2130 1178 2213; x_wconf 91' lang='lat' dir='ltr'>fortitudo</span> <span class='ocrx_word' id='word_1_98' title='bbox 1196 2158 1242 2216; x_wconf 90' lang='lat' dir='ltr'>ac</span> <span class='ocrx_word' id='word_1_99' title='bbox 1261 2160 1355 2241; x_wconf 85' lang='lat' dir='ltr'>pru.-</span> 
     </span>
     <span class='ocr_line' id='line_1_16' title="bbox 334 2256 1356 2366; baseline 0.003 -26"><span class='ocrx_word' id='word_1_100' title='bbox 334 2259 483 2364; x_wconf 88' lang='lat' dir='ltr'>dentia,</span> <span class='ocrx_word' id='word_1_101' title='bbox 498 2279 542 2341; x_wconf 88' lang='lat' dir='ltr'>ur</span> <span class='ocrx_word' id='word_1_102' title='bbox 556 2256 668 2365; x_wconf 81' lang='lat' dir='ltr'>ipsius</span> <span class='ocrx_word' id='word_1_103' title='bbox 685 2259 801 2365; x_wconf 90' lang='lat' dir='ltr'>plane</span> <span class='ocrx_word' id='word_1_104' title='bbox 813 2256 990 2366; x_wconf 84' lang='lat' dir='ltr'>auspiciis</span> <span class='ocrx_word' id='word_1_105' title='bbox 1010 2285 1093 2341; x_wconf 94' lang='lat' dir='ltr'>non</span> <span class='ocrx_word' id='word_1_106' title='bbox 1108 2277 1261 2341; x_wconf 87' lang='lat' dir='ltr'>tantum</span> <span class='ocrx_word' id='word_1_107' title='bbox 1275 2260 1356 2356; x_wconf 79' lang='lat' dir='ltr'>for·</span> 
     </span>
     <span class='ocr_line' id='line_1_17' title="bbox 333 2379 1350 2495; baseline 0 -31"><span class='ocrx_word' id='word_1_108' title='bbox 333 2402 445 2466; x_wconf 87' lang='lat' dir='ltr'>tunas</span> <span class='ocrx_word' id='word_1_109' title='bbox 459 2384 556 2487; x_wconf 87' lang='lat' dir='ltr'>suas,</span> <span class='ocrx_word' id='word_1_110' title='bbox 574 2381 643 2465; x_wconf 90' lang='lat' dir='ltr'>sed</span> <span class='ocrx_word' id='word_1_111' title='bbox 657 2379 872 2492; x_wconf 88' lang='lat' dir='ltr'>&amp;seipsum</span> <span class='ocrx_word' id='word_1_112' title='bbox 890 2381 1180 2466; x_wconf 87' lang='lat' dir='ltr'>concrediderit</span> <span class='ocrx_word' id='word_1_113' title='bbox 1194 2390 1350 2495; x_wconf 82' lang='lat' dir='ltr'>Regum</span> 
     </span>
    </p>
   </div>
   <div class='ocr_carea' id='block_1_12' title="bbox 251 2509 512 2617">
    <p class='ocr_par' dir='ltr' id='par_1_12' title="bbox 251 2509 512 2617">
     <span class='ocr_line' id='line_1_18' title="bbox 251 2509 512 2617; baseline 0.019 -30"><span class='ocrx_word' id='word_1_114' title='bbox 251 2557 255 2564; x_wconf 89' lang='lat'><strong>·</strong></span> <span class='ocrx_word' id='word_1_115' title='bbox 332 2509 512 2617; x_wconf 86' lang='lat' dir='ltr'>optimus.</span> 
     </span>
    </p>
   </div>
   <div class='ocr_carea' id='block_1_13' title="bbox 330 2623 1348 3121">
    <p class='ocr_par' dir='ltr' id='par_1_13' title="bbox 330 2623 1348 3121">
     <span class='ocr_line' id='line_1_19' title="bbox 385 2623 1348 2746; baseline -0.005 -24"><span class='ocrx_word' id='word_1_116' title='bbox 385 2644 605 2732; x_wconf 86' lang='lat' dir='ltr'>§.XXXIL</span> <span class='ocrx_word' id='word_1_117' title='bbox 636 2636 739 2746; x_wconf 87' lang='lat' dir='ltr'>Jam,</span> <span class='ocrx_word' id='word_1_118' title='bbox 765 2652 810 2714; x_wconf 94' lang='lat' dir='ltr'>ut</span> <span class='ocrx_word' id='word_1_119' title='bbox 824 2637 983 2743; x_wconf 86' lang='lat' dir='ltr'>opinor,</span> <span class='ocrx_word' id='word_1_120' title='bbox 1009 2660 1143 2735; x_wconf 89' lang='lat' dir='ltr'>nemo,</span> <span class='ocrx_word' id='word_1_121' title='bbox 1166 2636 1227 2717; x_wconf 88' lang='lat' dir='ltr'>cui</span> <span class='ocrx_word' id='word_1_122' title='bbox 1244 2623 1348 2728; x_wconf 79' lang='lat' dir='ltr'>Wie-</span> 
     </span>
     <span class='ocr_line' id='line_1_20' title="bbox 330 2747 1346 2873; baseline 0.002 -33"><span class='ocrx_word' id='word_1_123' title='bbox 330 2747 568 2845; x_wconf 76' lang='lat' dir='ltr'>cleviliarum</span> <span class='ocrx_word' id='word_1_124' title='bbox 582 2760 781 2873; x_wconf 81' lang='lat' dir='ltr'>ingenium</span> <span class='ocrx_word' id='word_1_125' title='bbox 792 2759 908 2842; x_wconf 85' lang='lat' dir='ltr'>suerit</span> <span class='ocrx_word' id='word_1_126' title='bbox 920 2757 1346 2871; x_wconf 72' lang='lat' dir='ltr'>perspedtummnquam</span> 
     </span>
     <span class='ocr_line' id='line_1_21' title="bbox 331 2871 1346 2994; baseline 0.008 -32"><span class='ocrx_word' id='word_1_127' title='bbox 331 2880 542 2989; x_wconf 82' lang='lat' dir='ltr'>dubitabit,</span> <span class='ocrx_word' id='word_1_128' title='bbox 569 2883 740 2988; x_wconf 82' lang='lat' dir='ltr'>eosdem,</span> <span class='ocrx_word' id='word_1_129' title='bbox 762 2871 940 2969; x_wconf 82' lang='lat' dir='ltr'>homines</span> <span class='ocrx_word' id='word_1_130' title='bbox 952 2883 1074 2986; x_wconf 85' lang='lat' dir='ltr'>fuiffe,</span> <span class='ocrx_word' id='word_1_131' title='bbox 1096 2886 1162 2994; x_wconf 92' lang='lat' dir='ltr'>qui</span> <span class='ocrx_word' id='word_1_132' title='bbox 1178 2883 1346 2970; x_wconf 80' lang='lat' dir='ltr'>studiose</span> 
     </span>
     <span class='ocr_line' id='line_1_22' title="bbox 333 3008 1346 3121; baseline 0.009 -35"><span class='ocrx_word' id='word_1_133' title='bbox 333 3032 468 3111; x_wconf 88' lang='lat' dir='ltr'>pacem</span> <span class='ocrx_word' id='word_1_134' title='bbox 485 3010 762 3116; x_wconf 85' lang='lat' dir='ltr'>perturbarint,</span> <span class='ocrx_word' id='word_1_135' title='bbox 773 3011 1035 3121; x_wconf 87' lang='lat' dir='ltr'>dogmataque</span> <span class='ocrx_word' id='word_1_136' title='bbox 1046 3010 1108 3091; x_wconf 91' lang='lat' dir='ltr'>illa</span> <span class='ocrx_word' id='word_1_137' title='bbox 1121 3008 1254 3118; x_wconf 85' lang='lat' dir='ltr'>pallim</span> <span class='ocrx_word' id='word_1_138' title='bbox 1267 3011 1346 3095; x_wconf 85' lang='lat' dir='ltr'>edi-</span> 
     </span>
    </p>
   </div>
   <div class='ocr_carea' id='block_1_14' title="bbox 309 3132 1345 3241">
    <p class='ocr_par' dir='ltr' id='par_1_14' title="bbox 309 3132 1345 3241">
     <span class='ocr_line' id='line_1_23' title="bbox 309 3132 1345 3241; baseline 0.005 -28"><span class='ocrx_word' id='word_1_139' title='bbox 309 3133 478 3237; x_wconf 44' lang='lat' dir='ltr'>ederint,</span> <span class='ocrx_word' id='word_1_140' title='bbox 491 3153 575 3241; x_wconf 84' lang='lat' dir='ltr'>quae</span> <span class='ocrx_word' id='word_1_141' title='bbox 588 3132 776 3240; x_wconf 89' lang='lat' dir='ltr'>populum</span> <span class='ocrx_word' id='word_1_142' title='bbox 789 3135 837 3217; x_wconf 90' lang='lat' dir='ltr'>ad</span> <span class='ocrx_word' id='word_1_143' title='bbox 852 3135 952 3217; x_wconf 90' lang='lat' dir='ltr'>male</span> <span class='ocrx_word' id='word_1_144' title='bbox 963 3132 1208 3218; x_wconf 89' lang='lat' dir='ltr'>sentiendum</span> <span class='ocrx_word' id='word_1_145' title='bbox 1222 3132 1272 3217; x_wconf 90' lang='lat' dir='ltr'>de</span> <span class='ocrx_word' id='word_1_146' title='bbox 1287 3135 1345 3218; x_wconf 91' lang='lat' dir='ltr'>su·</span> 
     </span>
    </p>
   </div>
   <div class='ocr_carea' id='block_1_15' title="bbox 329 3253 1346 3493">
    <p class='ocr_par' dir='ltr' id='par_1_15' title="bbox 329 3253 1346 3493">
     <span class='ocr_line' id='line_1_24' title="bbox 330 3253 1346 3366; baseline 0.004 -28"><span class='ocrx_word' id='word_1_147' title='bbox 330 3256 547 3366; x_wconf 89' lang='lat' dir='ltr'>perioribus</span> <span class='ocrx_word' id='word_1_148' title='bbox 565 3260 863 3341; x_wconf 87' lang='lat' dir='ltr'>commoverint.</span> <span class='ocrx_word' id='word_1_149' title='bbox 915 3256 1262 3364; x_wconf 82' lang='lat' dir='ltr'>Qtemadmodum</span> <span class='ocrx_word' id='word_1_150' title='bbox 1281 3253 1346 3342; x_wconf 84' lang='lat' dir='ltr'>ue·</span> 
     </span>
     <span class='ocr_line' id='line_1_25' title="bbox 329 3372 1344 3493; baseline 0.006 -31"><span class='ocrx_word' id='word_1_151' title='bbox 329 3407 406 3487; x_wconf 92' lang='lat' dir='ltr'>que</span> <span class='ocrx_word' id='word_1_152' title='bbox 417 3378 661 3480; x_wconf 87' lang='lat' dir='ltr'>inficiabitur,</span> <span class='ocrx_word' id='word_1_153' title='bbox 674 3377 830 3459; x_wconf 86' lang='lat' dir='ltr'>eosdem</span> <span class='ocrx_word' id='word_1_154' title='bbox 846 3375 981 3460; x_wconf 89' lang='lat' dir='ltr'>itidem</span> <span class='ocrx_word' id='word_1_155' title='bbox 998 3377 1126 3459; x_wconf 86' lang='lat' dir='ltr'>hostes</span> <span class='ocrx_word' id='word_1_156' title='bbox 1140 3372 1250 3493; x_wconf 74' lang='lat' dir='ltr'>fuisse</span> <span class='ocrx_word' id='word_1_157' title='bbox 1264 3410 1344 3468; x_wconf 83' lang='lat' dir='ltr'>coe·</span> 
     </span>
    </p>
   </div>
   <div class='ocr_carea' id='block_1_16' title="bbox 320 3497 1341 3612">
    <p class='ocr_par' dir='ltr' id='par_1_16' title="bbox 320 3497 1341 3612">
     <span class='ocr_line' id='line_1_26' title="bbox 320 3497 1341 3612; baseline 0.007 -27"><span class='ocrx_word' id='word_1_158' title='bbox 320 3503 469 3604; x_wconf 90' lang='lat' dir='ltr'>nobiis,</span> <span class='ocrx_word' id='word_1_159' title='bbox 483 3497 640 3609; x_wconf 88' lang='lat' dir='ltr'>aliisque</span> <span class='ocrx_word' id='word_1_160' title='bbox 656 3501 836 3583; x_wconf 88' lang='lat' dir='ltr'>domibus</span> <span class='ocrx_word' id='word_1_161' title='bbox 853 3499 1048 3612; x_wconf 78' lang='lat' dir='ltr'>religiosis,</span> <span class='ocrx_word' id='word_1_162' title='bbox 1064 3502 1341 3592; x_wconf 86' lang='lat' dir='ltr'>infensrffimos.</span> 
     </span>
    </p>
   </div>
   <div class='ocr_carea' id='block_1_17' title="bbox 320 3623 1388 4244">
    <p class='ocr_par' dir='ltr' id='par_1_17' title="bbox 323 3623 1388 4241">
     <span class='ocr_line' id='line_1_27' title="bbox 327 3623 1388 3736; baseline -0.001 -23"><span class='ocrx_word' id='word_1_163' title='bbox 327 3634 418 3713; x_wconf 90' lang='lat' dir='ltr'>Hoc</span> <span class='ocrx_word' id='word_1_164' title='bbox 437 3625 541 3709; x_wconf 90' lang='lat' dir='ltr'>enim</span> <span class='ocrx_word' id='word_1_165' title='bbox 562 3626 661 3709; x_wconf 91' lang='lat' dir='ltr'>adeo</span> <span class='ocrx_word' id='word_1_166' title='bbox 675 3626 769 3709; x_wconf 89' lang='lat' dir='ltr'>mihi</span> <span class='ocrx_word' id='word_1_167' title='bbox 784 3627 937 3710; x_wconf 90' lang='lat' dir='ltr'>videtur</span> <span class='ocrx_word' id='word_1_168' title='bbox 953 3627 1028 3709; x_wconf 84' lang='lat' dir='ltr'>effe</span> <span class='ocrx_word' id='word_1_169' title='bbox 1041 3623 1190 3731; x_wconf 78' lang='lat' dir='ltr'>uerum,</span> <span class='ocrx_word' id='word_1_170' title='bbox 1201 3649 1260 3736; x_wconf 90' lang='lat' dir='ltr'>ut,</span> <span class='ocrx_word' id='word_1_171' title='bbox 1274 3630 1341 3716; x_wconf 92' lang='lat' dir='ltr'>do·</span> <span class='ocrx_word' id='word_1_172' title='bbox 1387 3653 1388 3657; x_wconf 66' lang='lat'>‘</span> 
     </span>
     <span class='ocr_line' id='line_1_28' title="bbox 326 3749 1342 3868; baseline 0.003 -30"><span class='ocrx_word' id='word_1_173' title='bbox 326 3784 479 3839; x_wconf 89' lang='lat' dir='ltr'>morum</span> <span class='ocrx_word' id='word_1_174' title='bbox 497 3754 687 3839; x_wconf 89' lang='lat' dir='ltr'>sacrarum</span> <span class='ocrx_word' id='word_1_175' title='bbox 706 3752 856 3837; x_wconf 88' lang='lat' dir='ltr'>cladem</span> <span class='ocrx_word' id='word_1_176' title='bbox 873 3749 1162 3839; x_wconf 64' lang='lat' dir='ltr'>‘aseditionibus&#39;</span> <span class='ocrx_word' id='word_1_177' title='bbox 1180 3783 1342 3868; x_wconf 88' lang='lat' dir='ltr'>regnan·</span> 
     </span>
     <span class='ocr_line' id='line_1_29' title="bbox 324 3872 1341 3992; baseline 0.005 -31"><span class='ocrx_word' id='word_1_178' title='bbox 324 3899 367 3961; x_wconf 91' lang='lat' dir='ltr'>te</span> <span class='ocrx_word' id='word_1_179' title='bbox 389 3879 564 3962; x_wconf 87' lang='lat' dir='ltr'>Ricardo</span> <span class='ocrx_word' id='word_1_180' title='bbox 590 3879 663 3960; x_wconf 71' lang='grc' dir='ltr'>ΙΙἀο</span> <span class='ocrx_word' id='word_1_181' title='bbox 676 3872 845 3987; x_wconf 88' lang='lat' dir='ltr'>primum</span> <span class='ocrx_word' id='word_1_182' title='bbox 869 3879 1074 3984; x_wconf 86' lang='lat' dir='ltr'>emanaffe,</span> <span class='ocrx_word' id='word_1_183' title='bbox 1104 3881 1189 3963; x_wconf 89' lang='lat' dir='ltr'>fere</span> <span class='ocrx_word' id='word_1_184' title='bbox 1200 3881 1341 3992; x_wconf 89' lang='lat' dir='ltr'>judica·</span> 
     </span>
     <span class='ocr_line' id='line_1_30' title="bbox 323 4002 1339 4112; baseline 0.006 -27"><span class='ocrx_word' id='word_1_185' title='bbox 323 4002 410 4085; x_wconf 91' lang='lat' dir='ltr'>rim.</span> <span class='ocrx_word' id='word_1_186' title='bbox 447 4006 581 4109; x_wconf 89' lang='lat' dir='ltr'>Certe,</span> <span class='ocrx_word' id='word_1_187' title='bbox 608 4031 668 4085; x_wconf 91' lang='lat' dir='ltr'>res</span> <span class='ocrx_word' id='word_1_188' title='bbox 686 4003 842 4112; x_wconf 85' lang='lat' dir='ltr'>gestas</span> <span class='ocrx_word' id='word_1_189' title='bbox 833 4003 964 4087; x_wconf 91' lang='lat' dir='ltr'>millis</span> <span class='ocrx_word' id='word_1_190' title='bbox 984 4004 1119 4088; x_wconf 93' lang='lat' dir='ltr'>diebus</span> <span class='ocrx_word' id='word_1_191' title='bbox 1134 4012 1158 4089; x_wconf 71' lang='lat' dir='ltr'>a</span> <span class='ocrx_word' id='word_1_192' title='bbox 1176 4008 1339 4093; x_wconf 89' lang='lat' dir='ltr'>Wiccle·</span> 
     </span>
     <span class='ocr_line' id='line_1_31' title="bbox 320 4126 1341 4244; baseline 0.007 -34.028"><span class='ocrx_word' id='word_1_193' title='bbox 320 4126 446 4221; x_wconf 85' lang='lat' dir='ltr'>vianis</span> <span class='ocrx_word' id='word_1_194' title='bbox 465 4129 652 4244; x_wconf 86' lang='lat' dir='ltr'>aliisque</span> <span class='ocrx_word' id='word_1_195' title='bbox 647 4126 855 4213; x_wconf 87' lang='lat' dir='ltr'>rebellibus</span> <span class='ocrx_word' id='word_1_196' title='bbox 873 4129 926 4212; x_wconf 95' lang='lat' dir='ltr'>ob</span> <span class='ocrx_word' id='word_1_197' title='bbox 944 4132 1079 4243; x_wconf 87' lang='lat' dir='ltr'>oculos</span> <span class='ocrx_word' id='word_1_198' title='bbox 1095 4131 1267 4219; x_wconf 85' lang='lat' dir='ltr'>habuiffe</span> <span class='ocrx_word' id='word_1_199' title='bbox 1284 4160 1341 4217; x_wconf 91' lang='lat' dir='ltr'>re·</span> 
     </span>
    </p>
   </div>
   <div class='ocr_carea' id='block_1_18' title="bbox 1200 4286 1338 4347">
    <p class='ocr_par' dir='ltr' id='par_1_18' title="bbox 1200 4286 1338 4347">
     <span class='ocr_line' id='line_1_32' title="bbox 1200 4286 1338 4347; baseline -0.014 -0.278"><span class='ocrx_word' id='word_1_200' title='bbox 1200 4286 1338 4347; x_wconf 22' lang='lat' dir='ltr'>steen</span> 
     </span>
    </p>
   </div>
   <div class='ocr_carea' id='block_1_19' title="bbox 0 0 1504 5075">
    <p class='ocr_par' dir='ltr' id='par_1_19' title="bbox 0 0 1504 5075">
     <span class='ocr_line' id='line_1_33' title="bbox 0 0 1504 5075; baseline 0 3"><span class='ocrx_word' id='word_1_201' title='bbox 0 0 1504 5075; x_wconf 95' lang='lat' dir='ltr'> </span> 
     </span>
    </p>
   </div>
  </div>
 </body>
</html>
