3000 5075
302 482 569 562 Hrs'ronrn
607 482 853 566 Euvrnur
894 480 1068 570 Purur.
1234 515 1307 591 ιη

171 663 217 714 ex
233 641 282 714 eis
302 640 355 713 vei
376 645 408 713 V
426 639 560 737 pondus
581 643 680 712 unius
696 638 830 712 denarii
854 644 1018 730 argentei.
1064 646 1190 731 ¹Etex
1221 639 1263 705 A.
1281 640 1325 704 D.

171 777 344 852 ptaecepto
361 758 450 847 regis
465 754 647 828 currebant
660 753 732 839 duo
756 780 798 825 ex
815 756 865 824 eis
880 756 944 850 pro
960 757 1122 849 sterlingo
1137 755 1190 830 us·
1229 740 1317 804 ¹²99'

171 887 239 961 que
256 865 299 941 ad
312 864 447 955 Pascha,
458 887 599 962 eratque
613 862 781 960 peffimum
795 859 948 939 seculum
963 891 1027 962 pro
1040 866 1100 940 vili
1115 892 1189 941 nro-

169 996 261 1074 neta,
287 992 322 1046 et
339 973 469 1048 fiebant
484 976 771 1051 commutationes
785 973 940 1070 plurimae
957 978 993 1045 in
1011 980 1187 1071 emptione

170 1095 210 1163 &
227 1087 433 1160 venditione
449 1111 573 1159 terum.
612 1092 652 1159 In
670 1081 826 1182 paschate
839 1111 921 1180 netq
936 1081 1090 1182 sequenti
1107 1113 1186 1186 pro·

168 1195 284 1268 hibuit
294 1219 353 1275 rex
367 1195 453 1291 ipsas
469 1214 621 1267 monetas
634 1218 676 1264 ex
690 1213 779 1284 tot0,
793 1217 828 1267 et
844 1199 956 1268 tenuit
970 1197 1184 1278 excambium

166 1311 204 1383 in
223 1310 309 1382 locis
322 1306 489 1404 plurimis,
514 1302 748 1402 dabanturque
765 1331 807 1377 ex
821 1308 871 1378 eis
885 1330 948 1403 pto
963 1333 1032 1378 uno
1048 1309 1181 1383 sterlin-

168 1417 324 1512 gonel
337 1422 397 1493 VI
440 1420 521 1488 Nec
534 1413 721 1495 curabant
728 1442 771 1487 ex
784 1443 834 1488 ets
836 1416 1022 1490 homines
1040 1443 1180 1518 propter

164 1531 334 1604 vilitatem
351 1545 507 1600 moneta.
550 1530 594 1596 Et
608 1546 721 1597 tamen
738 1525 828 1601 infra
841 1522 966 1620 annum
977 1522 1179 1616 tenoiutum,

127 1689 129 1693 a
163 1635 343 1734 postquam
356 1637 588 1733 experimento
600 1632 794 1707 didicerant
808 1612 963 1708 homines
977 1658 1083 1710 artem
1096 1663 1177 1734 pur·
1250 1686 1253 1693 -

163 1745 266 1838 gandi
292 1743 464 1824 metalium
487 1770 564 1817 cum
588 1743 740 1844 plumbo,
765 1745 954 1840 liquefatio
978 1773 1056 1819 cum
1080 1775 1123 1818 eo
1141 1751 1178 1821 in

162 1862 255 1948 igue,
267 1855 421 1934 valebant
440 1855 1003 1952 ³duosterlingum‚1uxtaverbum
1015 1860 1175 1934 Catonis:

271 2000 370 2106 Qud
385 2001 500 2097 vileest
515 2004 651 2089 charum,
675 2001 752 2094 quud
768 1997 890 2074 charum
908 2007 969 2074 tile
978 2022 1101 2095 putatu,

161 2150 358 2251 fiebantque
374 2150 472 2237 multi
484 2152 608 2227 divites
620 2178 684 2251 per
697 2151 918 2245 excambium,
927 2157 987 2252 qui
1004 2171 1174 2228 monetam

159 2262 255 2335 illam
271 2265 422 2337 emerant
438 2264 474 2335 in
493 2259 648 2363 {tempore
664 2262 818 2338 vilitatis.
859 2268 902 2337 Et
918 2266 1028 2364 postea
1041 2262 1105 2335 rex
1122 2262 1172 2336 fess

160 2377 208 2447 cit
224 2377 353 2472 inquiri
370 2370 562 2468 detaiibus,
590 2376 649 2471 qui
663 2372 790 2470 'absque
803 2372 940 2470 speciali
958 2374 1097 2447 licentia
1114 2398 1174 2446 ex·

158 2483 331 2577 cambium
347 2466 548 2564 fecerant&
563 2484 675 2557 taliter
698 2488 838 2558 mercati
859 2481 1003 2573 fuerant,
1025 2493 1068 2569 ⁸&
1086 2484 1172 2559 mui-

158 2599 261 2670 davit
274 2615 333 2681 eos
352 2595 494 2697 pecunia
513 2622 641 2689 magna.

202 2712 303 2779 Anno
318 2707 462 2780 Domini
478 2709 536 2778 ΜΟ
545 2706 689 2778 CCCm⁰
705 2729 764 2777 rex
778 2728 984 2798 congregato
996 2708 1167 2778 excercitu
1199 2703 1240 2769 A
1258 2706 1303 2771 D.

155 2800 328 2919 prosedas
343 2821 415 2892 est
404 2844 441 2890 m
457 2819 610 2890 Scociam
624 2819 737 2889 ⁴circa
755 2815 875 2889 festum
892 2814 982 2890 beati
998 2817 1166 2916 Johannis
1206 2805 1296 2870 ¹3⁰⁰
1340 2868 1347 2880 ι

153 2930 323 3030 Baptista,
337 2928 421 3001 ubi
411 2929 507 3001 mitis
518 2930 652 3019 treugis
669 2924 776 3028 usque
789 2926 932 3025 sequens
951 2931 1164 3026 pentecosten

153 3038 304 3123 reversus
320 3041 366 3123 est
382 3041 459 3142 post
469 3062 602 3141 tempus
618 3039 792 3114 modicum
809 3039 852 3112 ad
869 3061 980 3140 partes
999 3041 1164 3131 australes,

150 3156 336 3252 tenuitque
354 3151 629 3259 parliamentum
633 3146 751 3224 suum
740 3174 776 3220 tn
794 3146 1023 3246 sequentia
966 3149 1165 3241 Qadrage-
1213 3136 1217 3149 ⁸

150 3261 234 3337 sima
257 3262 349 3360 apud
374 3260 612 3348 Stanfotdiam,
636 3273 672 3342 et
692 3257 917 3337 monebantur
938 3283 1094 3355 proceres
1118 3261 1164 3340 de

149 3374 346 3471 equitatura
361 3369 489 3442 foresta
507 3394 572 3443 non
590 3367 671 3439 dum
689 3366 872 3465 pompieta‚
898 3369 961 3441 &
951 3395 985 3440 rn
1000 3368 1086 3450 iot-is
1099 3369 1164 3442 aii·

149 3481 274 3582 quibus
286 3509 355 3554 non
369 3479 450 3553 dum
464 3484 606 3583 incepta.
624 3565 626 3568 ,
646 3480 801 3576 Cumque
816 3481 988 3551 orirentur
1002 3479 1114 3571 verba,
1128 3502 1163 3555 ¹et

147 3585 168 3664 a
193 3588 308 3663 multis
330 3587 453 3661 fierent
474 3589 756 3662 comminationes
780 3584 931 3690 occultat,
957 3590 1073 3661 timuit
1090 3589 1161 3680 rex',

145 3719 183 3771 et
199 3702 304 3773 iratus
318 3702 433 3790 animo
447 3696 577 3770 lenibus
594 3695 794 3800 blandisque
812 3697 1018 3774 sermonibus
1028 3699 1161 3800 ‘delini-

144 3814 207 3900 vit,
234 3808 454 3911 promisitque
469 3831 502 3882 et
520 3808 592 3912 plus
610 3807 712 3882 solito
723 3810 842 3916 tenuit
860 3812 1087 3911 equitaturam
1105 3810 1159 3885 fo·

145 3922 237 3993 restae
253 3924 375 3995 eodem
392 3952 480 4008 anuo
495 3923 569 3998 fieri
583 3921 723 4038 debere,
742 3930 779 3998 &
798 3924 846 3995 ita
860 3920 986 4000 factum
1002 3924 1059 3997 est.
1139 4013 1145 4028 .

153 4137 155 4142 ’
185 4147 199 4189 1
224 4125 285 4191 Sed
299 4129 450 4210 praecepit
462 4128 547 4211 Rex,
558 4086 601 4192 xut
611 4144 774 4194 currerent
790 4128 854 4192 duo
868 4143 907 4192 er
918 4129 962 4192 eis
974 4134 1010 4192 T.
1050 4151 1070 4193 2
1091 4139 1155 4194 De·

127 4218 286 4306 suntinT.
324 4217 898 4303 3Duoeoflndtdennium‚juxtan
927 4218 1170 4303 '4Circitern

724 4317 754 4389 Y
779 4342 802 4389 2
1084 4322 1153 4386 Eo-
