3000 5075
164 493 171 509 ⁸
281 493 1130 606 ursromnnovmn1nmnr
1260 537 1312 614 43

175 646 324 752 demum
349 652 575 750 pergrandem
592 652 859 727 introduxerunt
877 656 1074 729 exercitum.
1126 659 1200 727 Do·
1231 678 1274 748 Α,
1292 676 1337 747 1),

179 765 300 836 minus
316 785 430 836 autem
449 760 663 849 Edmundus‚
689 761 755 834 hoc
768 761 921 852 audiens,
945 783 980 833 et
997 760 1200 836 sedicionem
1239 770 1329 850 1293.

180 874 321 964 timens,
347 877 481 965 rogavit
494 871 628 966 Regem
643 873 806 960 Franciae,
822 893 871 962 ut,
893 873 1119 972 promiffionis
1134 870 1199 944 sue
1261 910 1263 915 ·

181 1009 331 1075 memor,
353 986 435 1059 talia
453 987 530 1059 fieri
549 984 758 1085 prohiberet.
803 985 870 1058 Cui
888 989 978 1076 Rex,
993 987 1117 1082 sustine,
1143 987 1197 1058 in·

182 1100 276 1196 quit,
289 1096 451 1193 paulisper,
461 1094 609 1190 quousque
623 1096 848 1186 adimpleantur
863 1095 939 1170 XL.
958 1099 1035 1185 dies,
1051 1116 1084 1168 ur
1099 1103 1198 1170 omniu

181 1207 349 1302 testitum.
394 1202 528 1298 Qibus
545 1199 674 1302 eiapfis,
699 1197 781 1272 dum
799 1196 896 1299 super
911 1202 1032 1276 eodem
1054 1208 1201 1298 negocio

181 1338 363 1410 rogaretur
387 1342 447 1414 per
474 1317 662 1387 Dominum
688 1310 917 1402 Edmundum,
946 1313 1120 1409 confestim
1147 1342 1224 1399 re«,

182 1424 339 1530 spondit,
352 1427 608 1500 ordinacionem
624 1423 737 1498 Curiae
755 1422 819 1497 suae
834 1445 870 1495 et
885 1423 1035 1522 judicata
1050 1453 1111 1528 pet
1130 1435 1201 1504 XII

181 1540 296 1628 Pares,
310 1537 433 1636 absque
451 1537 636 1612 eorundem
651 1539 827 1610 communi
840 1535 995 1633 consilio,
1012 1537 1046 1612 se
1062 1565 1200 1617 revoca·

183 1672 222 1722 re
238 1675 308 1722 non
331 1644 432 1746 poste,
461 1668 660 1746 mutatoque
673 1642 776 1718 uultu
795 1643 888 1745 quasi
909 1645 1129 1740 dedignando
1145 1675 1199 1723 te-

182 1759 289 1842 ceiiit.
323 1762 492 1832 &ominus
509 1778 620 1832 autem
635 1753 851 1847 Edmundus,
863 1783 938 1830 cum
950 1761 986 1830 in
998 1758 1117 1833 eadem
1129 1762 1199 1835 Cu·

181 1878 233 1948 ria
253 1864 379 1947 multos
398 1870 535 1946 haberet
559 1872 699 1959 amicos,
729 1895 772 1941 eo
792 1869 886 1968 quod
906 1875 1075 1964 Reginam
1101 1879 1199 1948 'Na·
1304 1863 1308 1878 '

179 1987 318 2074 v'erniae‚
329 2002 470 2055 matrem
481 1983 612 2054 Uxoris
621 1980 729 2072 Regis
741 1979 1056 2070 Franciae,duxerat
1065 1988 1100 2057 in
1114 2012 1199 2059 uxo·

180 2120 270 2186 rem,
287 2092 423 2166 occulte
438 2088 666 2191 premunitus,
680 2109 713 2162 et
730 2116 773 2163 ex
789 2092 993 2188 conjeduris
1007 2101 1130 2170 ceteris
1146 2098 1196 2170 se·
1239 2123 1246 2127 ’
1351 2091 1356 2097 ’
1375 2160 1378 2169 ,

179 2205 356 2292 dicionem
373 2206 509 2296 timens,
534 2209 554 2276 d
569 2204 674 2276 Curia
687 2202 748 2274 illa
760 2201 905 2275 latenter
920 2226 1046 2281 etcum
1061 2209 1197 2286 festina·

180 2319 283 2401 cione
298 2312 331 2387 se
341 2314 521 2403 transtulit,
538 2335 573 2387 et
586 2318 621 2387 in
633 2311 792 2407 Angliam
803 2313 845 2385 ad
860 2315 996 2391 fratrem
1013 2317 1110 2395 suurn
1125 2327 1208 2398 ite-s«

163 2420 259 2522 'gem
274 2428 425 2513 veniens,
442 2418 630 2523 omnia'per
646 2421 817 2514 ordinem,
836 2451 905 2497 non
922 2425 991 2500 fine
1006 2432 1100 2520 gravi
1117 2458 1194 2505 cor.

174 2538 233 2619 'dis
247 2534 382 2627 dolore,
397 2538 566 2625 recitavit,
578 2531 740 2621 dicendo,
756 2527 789 2605 se
800 2531 866 2606 effe
878 2538 915 2608 in
933 2538 998 2609 hoc
1012 2534 1101 2613 fad’to
1115 2544 1194 2617 stul·
1341 2624 1346 2631 ,

177 2673 271 2740 tum,
286 2669 321 2721 et
330 2643 422 2747 quast
432 2640 531 2744 ipfius
541 2642 763 2719 sedudiorem.
797 2647 874 2717 Rex
887 2667 1015 2739 autem,
1030 2649 1110 2723 iicet
1121 2659 1194 2726 ani·
1258 2687 1260 2692 ’

176 2789 239 2837 mo
250 2761 478 2835 consternatus
487 2754 528 2827 ab
542 2755 680 2844 auditis,
690 2775 803 2828 tamen
817 2754 956 2830 fratrem
972 2757 1096 2834 blande
1110 2789 1193 2838 con-

177 2862 336 2963 fortavit,
351 2891 498 2965 moxque
513 2869 640 2941 vocatis
653 2865 880 2958 Magnetibus
891 2865 956 2941 suis
972 2895 1049 2943 cum
1062 2873 1194 2970 Johanq

177 2975 224 3060 ne
242 2987 341 3074 Rege
357 2979 549 3068 Scotorum,
574 2980 685 3051 tenuit
702 2975 964 3052 Parliamentum
988 2978 1082 3055 suum
1099 2988 1194 3057 Lon·

177 3091 310 3180 doniis,
337 3109 372 3160 et
386 3090 423 3159 in
438 3110 555 3158 eorum
574 3081 752 3186 presencia
769 3105 847 3157 toto
862 3083 1014 3182 proceffu
1033 3092 1191 3181 recitato,
1253 3183 1257 3187 Ι

177 3195 359 3278 confilium
373 3219 490 3268 eorum
500 3195 614 3293 peciit,
624 3196 769 3291 et²juua
780 3193 1107 3292 injuriisvindicare.
1149 3209 1192 3276 At

176 3312 234 3388 illi
244 3308 450 3384 unanimiter
459 3303 957 3402 responderuntei,dicentes,se
966 3311 1135 3385 eumveile
1145 3312 1195 3402 se-

180 3422 247 3524 qui
258 3420 295 3491 in
304 3417 409 3491 uitam
421 3432 454 3485 et
464 3415 499 3487 in
509 3434 666 3487 mortem.
696 3416 793 3507 Rege
802 3417 1194 3525 igiturScotorurn,³qui
1251 3511 1265 3527 α

179 3562 1198 3594 *Μ

223 3665 241 3709 1
257 3642 358 3727 Vulgu
373 3629 554 3708 Navarriae.
595 3647 667 3705 2L.
678 3661 738 3704 cuur
749 3645 798 3704 Tr.
814 3653 847 3703 et
853 3641 1017 3725 juvamen,
1033 3642 1194 3730 attestans,

177 3736 211 3803 se
223 3737 335 3818 etiarn,
349 3733 371 3799 fi
384 3736 538 3817 majorem
551 3732 758 3796 nonhaberet
768 3730 937 3813 sequelam,
959 3752 1032 3796 curn
1043 3738 1106 3796 uno
1116 3756 1196 3819 pue-

179 3849 221 3894 ro
235 3844 270 3893 et
283 3848 349 3892 uno
363 3846 461 3911 equo,
474 3826 523 3907 jus
536 3824 626 3896 suurn
633 3824 778 3907 prosequi
792 3822 876 3884 veile
886 3822 981 3907 usque
994 3823 1032 3887 ad
1043 3842 1195 3911 mortem,
1248 3899 1257 3911 Ι

180 3925 218 3991 &
229 3922 323 4005 super
337 3917 512 4023 hujusmodi
521 3919 641 4001 injuriis
651 3917 824 3981 vindicare.
867 3921 937 3998 3L.
948 3937 996 3979 ex.
1011 3919 1060 3980 Tr.
1075 3920 1129 4001 qui
1139 3918 1194 3982 ad·

180 4028 265 4097 erat,
287 4031 360 4077 curn
374 4012 488 4077 ceteris
502 4009 699 4092 magnatibus
713 4007 864 4073 auxilium
877 4009 1099 4091 promittente,
1123 4030 1194 4092 gra-

180 4110 240 4178 tiae
252 4063 332 4172 'Deo
346 4120 379 4168 et
393 4103 462 4187 ipris
476 4103 557 4186 egit,
579 4116 612 4165 et
626 4120 700 4167 cum
712 4100 821 4167 multis
834 4101 1004 4183 gratiarum
1018 4100 1195 4231 adionibus
1232 4132 1240 4137 ,

165 4200 315 4283 dimifit,
336 4197 487 4281 adjiciens
497 4211 530 4271 ct
540 4213 665 4280 rogum

785 4324 859 4398 1²2
1040 4311 1196 4421 'net
