3000 5075
279 482 544 564 Htsuonra
585 483 827 564 Eov'unur
867 483 1041 563 Pnrnru
1169 493 1171 497 ’
1224 475 1299 584 ¹1¹55»

148 629 365 705 Adveniente
394 631 511 726 itaque
538 628 716 700 nativitate
739 623 906 723 Baptistae,
939 643 1171 699 convenerunt
1201 649 1242 713 Α,
1256 651 1307 725 1),

151 767 273 816 omnes
294 746 330 815 in
352 740 431 813 loco
446 741 636 812 nominato.
690 741 735 810 Et
757 744 971 810 ¹numeratus
989 739 1097 829 Regis
1113 761 1170 807 eu·
1206 731 1298 812 129⁸·
1322 825 1324 829 ¹

109 872 117 883 ’
152 855 301 926 cerritus
317 849 596 925 cumcomiribus
613 846 732 922 suis&
751 845 971 921 Dunelmcnsr
988 845 1173 947 Episcopo,

152 966 220 1036 tria
228 962 341 1055 'millia
354 961 538 1036 eleemon
554 963 589 1032 iu
602 961 702 1056 equis
716 960 864 1049 armatis,
881 981 1003 1057 ptaeter
1014 962 1173 1059 equitan-

149 1094 208 1148 tes
222 1071 414 1147 ‘armatos¹'
425 1075 461 1143 in
478 1072 576 1167 equis
594 1095 662 1140 non
677 1068 827 1157 armatis,
837 1071 896 1164 qui
911 1067 1174 1141 numerabantur

153 1181 228 1281 plus
245 1207 348 1280 quam
360 1184 459 1252 11110r
470 1178 579 1251 millia
589 1177 707 1250 electa.
733 1181 788 1250 Dc
801 1181 975 1259 excercitu
987 1200 1103 1252 autem
1114 1201 1174 1277 pe·

152 1293 263 1367 destri
281 1319 349 1365 non
366 1293 493 1364 curavit
511 1315 569 1362 rex
583 1288 642 1359 illa
657 1289 744 1378 vice,
768 1313 811 1359 eo
824 1288 920 1386 quod
934 1314 1003 1362 non
1020 1289 1175 1362 artaban-

155 1425 213 1478 tur
226 1403 348 1500 aliqui,
365 1399 425 1474 nifi
439 1403 499 1500 qui
512 1402 616 1492 gratis
626 1400 740 1472 uenire
753 1398 941 1471 voluerunt.
981 1403 1175 1473 Numerati

153 1537 270 1589 tamen
283 1513 357 1586 suut
371 1511 538 1614 pedestres
551 1513 612 1609 qui
623 1509 778 1599 aderant,
794 1533 829 1582 et
842 1513 972 1583 inventi
987 1507 1063 1584 sunt
1077 1514 1175 1583 oero-

153 1630 251 1719 ginta
268 1621 385 1712 millia,
404 1626 464 1722 qui
483 1620 577 1720 quast
595 1645 713 1694 omnes
729 1640 822 1693 erant
837 1618 1019 1693 Hibernici
1035 1643 1072 1695 et
1090 1627 1175 1698 Wa·
1259 1662 1261 1671 ·

151 1736 275 1835 ienses.
311 1735 418 1808 Multi
432 1737 537 1806 etiam
550 1754 714 1805 venerunt
725 1731 937 1831 postmodum
950 1732 996 1805 de
1015 1732 1174 1809 ³wasc0-

153 1851 225 1935 nia,
249 1846 389 1918 circiter
405 1845 586 1941 quingenti
604 1844 726 1913 armati
742 1843 780 1913 iu
797 1844 894 1940 equis
909 1845 1103 1942 optimis&
1119 1869 1174 1916 ar-

111 1974 129 1991 ’
153 1985 218 2035 mis
230 1942 480 2055 pulcherrimis
522 1955 682 2046 Qomm
693 1954 835 2054 quidam
848 1954 1173 2031 mittebanturire-

111 2104 115 2111 ·
154 2097 196 2166 pe
212 2069 256 2144 ad
269 2066 524 2143 custodiendam
537 2066 652 2140 villam
668 2064 712 2137 de
730 2067 901 2180 Bernike,
926 2091 963 2140 et
980 2048 1174 2143 manserunt
1283 2147 1291 2155 ,

153 2183 201 2259 ibi
218 2177 326 2280 usque
341 2179 413 2278 post
427 2175 638 2253 commiffum
656 2182 816 2276 proelium
830 2207 907 2254 cum
923 2204 1023 2275 gente
1035 2187 1173 2257 Scotto-

107 2356 118 2386 .,
151 2322 241 2372 rum.
292 2292 433 2364 Interim
452 2293 597 2364 comites
615 2293 717 2366 nostri
735 2291 952 2367 Marescallus
974 2315 1009 2367 et
1025 2294 1173 2369 Herfor-
1222 2308 1225 2313 '
1361 2320 1367 2329 ·

152 2402 276 2493 deufis,
299 2421 438 2504 propter
461 2401 617 2501 quaedam
640 2403 756 2477 audita
775 2403 1040 2508 dubitantes'dc
1061 2410 1174 2480 muta·
1263 2381 1271 2403 ⁵

152 2519 255 2591 cionc
268 2513 452 2587 voluntatis
466 2516 579 2605 regiae,
597 2517 632 2587 in
646 2515 908 2588 confirmatione
923 2513 1116 2591 chartarum
1130 2518 1173 2591 li-

153 2625 297 2701 bertatis
312 2641 348 2694 et
362 2623 518 2715 Forestae,
534 2647 577 2694 eo
593 2622 690 2720 quod
707 2623 965 2696 confirmaverat
979 2647 1033 2694 eas
1049 2626 1085 2695 in
1104 2645 1173 2696 ter-

154 2763 192 2811 ra
208 2735 330 2824 aliena,
353 2731 513 2805 dixerunt
530 2731 563 2806 se
579 2733 720 2807 ulterius
739 2733 942 2840 procedere
947 2725 1014 2805 non
1035 2733 1173 2825 debere,

155 2847 219 2945 nifi
231 2848 338 2978 major
353 2846 452 2919 fieret
465 2844 622 2919 securitas
635 2870 669 2919 et
684 2845 727 2918 de·
740 2848 959 2945 equitacione
973 2844 1171 2937 forestam&
1174 2884 1176 2887 ·

153 2937 201 3033 dc
215 2958 340 3031 ceteris
357 2956 509 3029 articulis
523 2956 706 3053 postulatis
748 2960 875 3029 Verum
891 2958 970 3053 quia
982 2958 1018 3030 in
1032 2955 1173 3054 parsono
1213 2976 1218 2985 ’

155 3069 294 3169 propria
309 3068 496 3167 principem
511 3068 621 3161 jurare
639 3090 707 3136 non
721 3061 816 3150 licet,
829 3070 867 3135 &
885 3087 942 3134 eos
953 3063 1086 3161 placare
1098 3069 1174 3140 vel·¹

155 3178 219 3270 let,
243 3179 533 3278 *pracepit-Rex,
549 3196 584 3245 et
593 3175 792 3270 juraverunt
805 3175 840 3243 in
852 3175 999 3244 animam
1013 3174 1084 3271 ejus
1099 3181 1184 3251 Du·.

144 3283 330 3361 'nelmenfis
346 3282 534 3384 episcopus,
552 3282 677 3355 Comes
690 3279 733 3352 de
746 3286 925 3369 Warenna,
944 3282 1071 3354 Comes
1084 3282 1171 3355 Glo-

155 3397 281 3469 ccstriae
301 3401 339 3468 &
360 3394 483 3465 Comes
508 3390 767 3482 Lincolniensrs,
794 3390 888 3489 quod
915 3394 951 3463 in
975 3391 1088 3465 reditu
1109 3392 1170 3467 suo
1252 3397 1256 3406 ’

153 3507 316 3605 (obtenta
329 3505 612 3600 vidoria)omnia
625 3502 843 3603 perimpleret
858 3502 902 3574 ad
920 3526 1051 3579 votum.
1085 3508 1172 3603 Qu

154 3616 261 3707 fado,
285 3636 321 3689 et
342 3616 501 3692 omnibus
521 3618 564 3691 ad
586 3617 844 3719 expeditionem
865 3615 946 3689 belli
967 3626 1172 3717 praeparatis,

156 3726 387 3828 proceli'crunt
401 3737 578 3806 turmatim
596 3758 656 3832 per
672 3729 825 3803 modicas
839 3729 948 3804 dietas
961 3732 1120 3806 vastantes
1136 3758 1173 3808 et

155 3839 378 3916 incendentes
396 3840 559 3933 universa,
568 3846 751 3915 neminem
775 3863 887 3915 tamen
906 3846 1056 3919 invenire
1074 3868 1173 3958 pote-

146 3953 565 4053 ²rant,qu1deScottorum
577 3977 748 4030 excercitu
759 3955 959 4030 informaret
970 3984 1039 4032 eos
1064 3944 1173 4035 Cum·

173 4247 174 4250 Ἴ
198 4175 213 4221 1
236 4117 491 4224 Numeratusest
502 4160 603 4243 Regis
617 4167 651 4224 T.
692 4182 712 4224 2
735 4160 917 4243 Deestinr.
962 4179 977 4245 3
999 4158 1170 4243 Gasconra,

154 4251 190 4311 T.
221 4268 254 4350 *4
273 4249 322 4314 Ex
336 4265 498 4354 praecepto
509 4251 609 4335 Regis
615 4254 799 4335 juraverunt
809 4256 849 4328 Tc

1005 4373 1020 4398 ν
1102 4360 1174 4433 que
