3000 5075
225 492 309 562 262
424 472 879 558 W.Hunt1uot¹onn
906 460 1038 547 Pnns
1066 464 1308 579 anntt

223 646 269 710 A.
281 644 326 710 D.
356 626 476 703 sutura
502 649 598 725 papa.
650 623 883 720 Recitatoque
907 620 1062 721 processu
1086 622 1368 722 Templariotutn,

227 744 321 811 ¹311·
356 738 485 839 adjecit
502 763 598 838 papa,
624 731 817 834 quodlicet
832 758 876 806 ex
892 733 1048 833 processu
1067 733 1261 831 praehabito
1274 730 1368 832 ipsum

357 847 516 923 ordinem
531 847 576 918 de
594 846 668 946 jure
684 844 801 918 delere
820 870 888 917 non
912 840 1033 942 posset,
1063 864 1185 917 umen
1205 868 1250 915 cx
1271 842 1369 941 pleni-

358 958 480 1031 tudine
495 957 670 1055 potestatis
682 954 839 1029 ordinem
855 954 997 1047 delevit,
1016 980 1149 1029 nomen
1162 953 1365 1044 &habiturn

357 1086 464 1141 terras
480 1091 597 1139 eorum
619 1074 658 1140 &
673 1061 884 1164 posseffiones
900 1063 1137 1164 hospitalariis
1154 1060 1364 1153 conserendo,

358 1175 573 1269 aggregando
594 1182 633 1251 δι
659 1172 825 1263 uniendo,
853 1172 1024 1248 decimam
1050 1175 1160 1247 etiam
1189 1171 1363 1247 universalis

357 1282 504 1356 ecclefiae
530 1309 590 1384 per
605 1288 658 1360 VI
673 1308 778 1356 annos
800 1287 872 1376 regi
891 1288 1099 1358 Francorum
1114 1282 1285 1365 ¹contulit.
1323 1287 1363 1356 itt

358 1392 453 1489 quod
466 1388 683 1466 infine'sexti
696 1394 777 1465 anni
788 1411 911 1466 terram
924 1390 1071 1467 sanctam
1084 1391 1363 1494 personaliterad·

340 1536 343 1541 ·
357 1502 438 1591 iret,
464 1498 559 1574 sacro
575 1527 643 1577 non
658 1499 891 1576 consentiente
907 1502 1071 1576 Concilio
1093 1529 1212 1601 neque
1232 1501 1363 1604 expresse

357 1610 627 1701 contradicente,
651 1611 893 1712 licentiatique
909 1609 985 1686 sunt
1002 1612 1135 1711 praelati
1153 1617 1249 1686 circa
1268 1611 1364 1686 ascen·

358 1726 490 1798 tionem
506 1728 739 1813 Dominicam,
757 1748 793 1797 et
808 1723 851 1798 ad
866 1746 979 1824 partes
995 1722 1068 1799 suas
1084 1724 1225 1799 reversi.

218 1834 265 1903 Α.
283 1835 328 1901 Ι).
406 1841 505 1907 Anno
527 1837 670 1907 Domini
687 1837 745 1905 Μο
754 1835 957 1907 CCC⁰X11⁰
981 1838 1075 1908 venit
1099 1839 1277 1909 Dominus
1296 1838 1361 1907 Ro·

232 1934 321 2000 ¹3¹²·
358 1944 472 2019 bertus
487 1945 532 2018 de
544 1953 629 2020 Brus
641 1950 678 2020 in
695 1946 934 2044 Episcopatum
949 1944 1222 2020 Dunelmensem
1234 1971 1304 2018 cum
1314 1969 1362 2018 ex·

358 2059 489 2130 cercitu
505 2054 658 2154 copioso,
677 2078 713 2130 et
730 2060 780 2129 ita
795 2056 939 2130 latenter
951 2076 1102 2149 venerat,
1128 2056 1231 2158 quod
1247 2059 1363 2131 invenit

359 2171 517 2243 homines
528 2172 562 2243 in
576 2169 671 2242 lestis
681 2168 748 2242 suis
762 2167 960 2244 securissime
973 2170 1206 2261 dormientes,
1224 2174 1282 2270 qui
1295 2171 1363 2242 mit·

358 2303 432 2356 tens
443 2285 632 2356 Dominum
646 2281 813 2380 Jacobum
826 2282 871 2355 de
883 2284 1032 2385 Douglas
1045 2281 1088 2357 ad
1102 2306 1224 2383 partes¹
1234 2284 1277 2356 de
1289 2289 1365 2357 Her·

360 2388 478 2493 teipoi'
494 2417 571 2462 cum
588 2391 703 2464 mustis
718 2395 868 2482 armatis,
893 2391 1052 2465 remansit
1075 2391 1151 2490 ipsc
1167 2416 1244 2466 cum
1263 2396 1361 2493 paucis

361 2502 452 2602 apud
469 2499 583 2575 villam
596 2499 641 2575 de
659 2502 796 2577 Cestria.
836 2505 1004 2577 Dominus
1020 2523 1138 2577 autem
1150 2503 1298 2602 Jacobus
1311 2504 1363 2577 vil-

357 2616 426 2689 lam
440 2612 631 2713 praedinam
649 2614 818 2714 spoliavit,
843 2635 879 2687 et
894 2613 1072 2706 burgenses
1090 2616 1223 2689 multos
1239 2624 1276 2690 &
1293 2641 1364 2689 uxo·

358 2753 411 2799 res
428 2727 550 2799 multas
566 2728 716 2822 captivos
730 2725 877 2814 reduxit,
895 2726 1037 2799 collesta
1049 2724 1111 2797 sibi
1128 2725 1244 2823 praeda
1258 2728 1302 2800 de
1316 2750 1364 2801 to·

360 2859 395 2912 ta
409 2843 516 2937 patria
535 2843 695 2939 ¹captiuis
712 2840 827 2913 multis
843 2836 912 2910 fine
925 2839 1044 2936 aliquo
1062 2840 1314 2940 impedimento
1328 2839 1363 2913 ad

358 2970 469 3047 partes
482 2952 634 3047 proprias
648 2951 852 3020 unanimiter
863 2943 938 3019 sunt
948 2945 1146 3046 revetsr,qui
1156 2972 1275 3046 parum
1289 2949 1364 3045 posi·

360 3060 635 3159 eaexpendentes
645 3063 817 3133 excercitu
828 3062 966 3132 reunito
976 3057 1277 3133 versuscivitatem
1288 3065 1364 3131 Kar·

359 3175 442 3247 leoli
455 3173 510 3248 sua
522 3172 651 3245 obsidia
668 3192 878 3270 paraverunt.
912 3178 1089 3270 Juraverat
1106 3198 1193 3247 vero
1208 3176 1365 3246 Dominus

358 3286 543 3374 Robertus,
553 3306 591 3356 ut
602 3287 828 3357 communiter
843 3282 1032 3373 dicebatur,
1042 3281 1075 3356 se
1090 3310 1270 3384 nunquam
1283 3309 1364 3356 com·

357 3398 537 3473 messurum
555 3422 682 3486 carnes,
699 3395 761 3468 nist
776 3394 808 3467 se
824 3398 918 3493 prius
931 3394 976 3467 de
992 3395 1084 3468 illius
1097 3400 1251 3470 civitatis
1266 3397 1363 3469 custo-

357 3509 459 3582 dibus
472 3505 670 3579 vindicaret.
705 3504 868 3597 Qodam
879 3525 990 3577 autem
1000 3502 1070 3594 die,
1081 3528 1160 3576 cum
1170 3505 1289 3579 villam
1302 3504 1363 3577 sor·

360 3628 428 3696 tius
444 3640 687 3721 expugnarent,
704 3617 903 3691 ceciderunt
919 3616 1015 3691 multi
1030 3615 1074 3688 de
1086 3618 1201 3690 Scotis
1214 3645 1275 3716 per
1288 3620 1364 3720 lapi·

358 3737 419 3809 des
433 3734 547 3807 obruti
564 3752 600 3804 et
617 3729 768 3829 oppresfi.
813 3730 931 3801 Custos
948 3727 1104 3800 Karleoli
1120 3733 1294 3804 Dominus
1307 3739 1365 3805 An-

356 3842 454 3913 dreas
468 3840 513 3911 de
530 3828 700 3910 Harcham
716 3855 871 3929 tempore
888 3833 950 3904 illo
966 3831 1043 3905 suit.
1087 3839 1264 3907 Dominus
1274 3842 1362 3935 Jaco-

355 3950 418 4023 bus
431 3951 474 4022 de
486 3950 637 4042 Douglas
650 3974 684 4022 et
697 3949 795 4019 multi
809 3947 867 4018 alii
882 3972 941 4044 per
956 3947 1084 4018 nostros
1098 3950 1289 4020 extiterant
1300 3947 1363 4021 uui-

357 4064 476 4134 nerati.
520 4060 684 4136 Videntes
697 4081 807 4131 autem
818 4058 923 4145 Scoti,
936 4054 1031 4155 quod
1046 4057 1097 4130 ibi
1112 4058 1285 4155 proficere
1300 4085 1363 4132 non

697 4267 712 4312 1
735 4254 770 4311 F.
784 4266 858 4313 cum
877 4249 1022 4336 captivis.

1316 4353 1363 4401 ta·
