3000 5075
191 462 253 520 XII

495 438 1131 547 PRAEFATIO.

305 621 455 701 hibetur.
486 627 647 712 §.XVII
690 623 760 698 Etfi
786 627 948 722 majorem
971 624 1160 698 adhibuisse
1183 625 1331 718 diligen·

304 736 388 805 tiam
405 732 562 806 videatur
581 733 880 828 Hemingfordius‚
905 762 1006 833 quam
1023 737 1175 809 chronici
1193 741 1325 809 auhior.

307 844 639 945 Qomodocunque
653 847 719 920 hoc
735 847 787 936 sit,
803 846 935 920 necesse
952 871 1045 921 certe
1057 839 1331 933 existimavimus,

307 983 410 1054 opem
428 959 571 1031 nostram
590 958 806 1033 &auxilium
821 959 932 1058 paffim
945 958 1047 1049 ferre,
1064 985 1107 1032 ne
1121 960 1253 1057 alioqui
1267 958 1329 1031 de·

306 1066 388 1140 eslet
402 1069 469 1140 hoc
487 1072 523 1140 in
538 1094 642 1167 opere
658 1095 823 1143 annorum
840 1073 985 1142 notatio.
1007 1075 1036 1159 §.
1049 1075 1183 1146 XVIII.
1211 1068 1262 1143 Ab
1276 1071 1330 1143 in·

307 1176 427 1250 stituto
448 1179 561 1250 nostro
582 1177 746 1251 abhorret
761 1173 1049 1252 curioso-criticas
1066 1176 1328 1251 Dissertationes

307 1311 500 1360 contexere.
528 1288 624 1383 QId
638 1287 698 1361 fibi
710 1288 793 1362 velit
803 1309 924 1362 monera
929 1288 1052 1384 falsata
1063 1287 1152 1387 apud
1162 1293 1331 1384 Heming-

275 1412 276 1416 ’
307 1392 471 1467 sordium.
512 1397 677 1498 Principis
693 1401 775 1492 nigri
795 1400 916 1497 (quem
932 1396 1072 1491 vocant)
1094 1423 1250 1470 nummus
1268 1425 1329 1489 au-

262 1552 265 1557 ·
306 1527 383 1579 reus
400 1507 589 1582 rariffinus.
629 1511 776 1584 Eduardi
788 1518 838 1588 IV
850 1537 990 1585 nummo
1001 1535 1106 1583 aureo
1120 1509 1192 1597 lux,
1208 1507 1330 1581 inscri-

305 1618 427 1716 ptione
453 1616 530 1691 satis
554 1618 713 1712 fingulari
740 1619 910 1715 insignito.
939 1628 967 1712 §.
981 1627 1076 1694 XIX.
1121 1623 1160 1689 In
1182 1619 1330 1690 nummis

306 1730 476 1825 corruptis
499 1728 588 1802 haud
613 1754 689 1802 raro
706 1752 826 1805 contra
843 1731 1122 1828 orthographiam
1150 1748 1323 1826 peccatur.

305 1839 390 1908 Nec
418 1858 530 1910 tamen
561 1843 820 1940 corruptionem
850 1838 976 1938 semper
1001 1841 1113 1929 arguit
1138 1837 1330 1912 litterarum

306 1941 464 2021 tanim.
513 1943 662 2017 carausii
690 1951 822 2020 nummi
847 1945 919 2018 bini
947 1946 1077 2038 egregii
1102 1942 1327 2043 explicantur.

306 2055 335 2141 §.
353 2060 430 2126 XX.
474 2051 656 2150 Inscriptio
674 2059 832 2129 Romana
845 2053 936 2153 apud
952 2052 1134 2128 Seldenum
1152 2070 1328 2150 corrupte,

304 2161 462 2237 sednunc
474 2163 611 2240 demum
628 2191 670 2239 ex
683 2165 895 2263 autographo
909 2161 1141 2237 Camdeniano
1149 2159 1331 2246 emendate
1373 2226 1376 2235 s

305 2277 325 2346 h
341 2272 452 2362 nobis,
469 2273 576 2348 edita.
597 2278 624 2364 §.
640 2281 735 2351 XXI.
778 2276 857 2371 Qa
872 2269 1051 2343 occafione
1067 2278 1106 2353 &
1121 2267 1324 2365 Inscriptio·

305 2408 396 2473 nem,
412 2387 603 2456 Romanam
617 2384 855 2474 itidem,.nunc
872 2380 1018 2468 edimus,
1030 2379 1229 2451 Dorcestriae
1245 2401 1326 2477 pro-

305 2517 348 2593 pe
361 2498 533 2568 Oxoniam
546 2518 721 2596 repertam.
735 2491 1181 2570 MarmorArundellianum
1194 2490 1327 2562 deFoe-

190 2677 202 2684 ,
303 2598 1327 2702 ἀετείητετὸωγτηκοε8(Μεεηεῦοεεοττεᾶηω.1ἳοτιηυία

304 2733 400 2785 vetus
413 2713 595 2805 Anglicana
609 2715 755 2789 aedituos
768 2716 812 2789 ad
825 2739 962 2788 munera
976 2710 1195 2786 admittendi.
1220 2715 1327 2785 'AEtas

302 2820 428 2918 lapidis
459 2823 701 2896 Dorcestriani.
752 2824 993 2923 Beneficiarius
1020 2818 1179 2894 Consulis
1207 2816 1322 2914 quid?

303 2930 442 2999 Marcus
458 2929 583 3010 Varius
600 2931 741 3007 Severus
759 2934 971 3020 Dorcestriae,
995 2928 1139 3029 aliisque
1158 2930 1192 3000 in
1217 2931 1325 3027 parti·

304 3036 365 3112 bus
389 3040 719 3134 circumjacentibus,
746 3070 869 3118 munus
897 3041 994 3115 suum
1019 3037 1204 3129 diligenter
1229 3059 1326 3107 exer-

302 3144 404 3221 cuisse
418 3145 564 3219 videtur.
599 3153 870 3251 Dorcestriaeque
884 3176 943 3251 par
954 3152 1001 3223 est
1011 3150 1202 3221 existimare
1214 3143 1325 3245 ipsum

301 3255 435 3333 obiisse.
471 3261 525 3330 De
540 3263 737 3335 Dorcestriae
757 3268 910 3336 nomine.
946 3267 1000 3334 De
1018 3260 1147 3333 femina
1165 3254 1327 3357 quadam,

209 3375 212 3379 ’
303 3373 431 3470 hcujus
445 3370 600 3446 clunibus
619 3401 743 3449 nomen
763 3376 855 3449 suum
871 3374 988 3449 re'cens
1004 3370 1205 3471 sumpserint
1217 3368 1325 3442 colles

303 3481 567 3575 Sinnoduniani,
583 3509 704 3582 praeter
720 3508 850 3561 ceteras
866 3486 975 3559 forma
991 3486 1128 3558 honesta
1145 3491 1183 3555 &
1197 3481 1323 3553 libera-

185 3638 205 3694 3
304 3594 342 3668 li.
383 3596 576 3667 Dorcestria
594 3594 687 3672 sedes
703 3597 789 3671 olim
806 3596 1016 3695 episcopalis.
1051 3603 1095 3667 At
1113 3592 1207 3664 sedes
1224 3589 1324 3664 dein·

264 3771 267 3792 ,
303 3704 349 3776 de
366 3701 582 3787 Lincolniarn
604 3710 624 3777 h
648 3708 813 3797 RernIgio
834 3703 994 3802 episcopo
1016 3702 1184 3776 transsata.
1231 3703 1324 3773 Dor-

211 4135 217 4147 ’
299 4152 346 4230 est
359 4150 529 4252 suspicari,
546 4150 773 4225 Dorcostriam
791 4145 889 4222 fuiffe
904 4149 1037 4231 rtrum.
1076 4154 1190 4251 Locus
1202 4152 1223 4220 ὲ
1237 4152 1279 4222 Ν

200 4499 292 4520 Δ..

303 3818 428 3889 cestrite
451 3814 613 3913 templum
635 3815 734 3889 fuisse
757 3815 936 3891 verisimile
955 3817 1013 3905 elh
1043 3817 1080 3886 in
1097 3838 1210 3921 eoque
1226 3838 1321 3886 aram
1362 3855 1364 3860 ν

302 3927 587 4001 Dorcestriensem
613 3926 754 4026 politam
768 3922 869 4022 ufuiile
892 3926 1016 3997 honori
1038 3924 1248 3998 Diocletiani
1271 3944 1322 3993 at·

301 4064 370 4139 que
397 4040 599 4111 Maximiani
625 4037 794 4110 llerculii.
835 4040 916 4107 Nec
941 4035 1081 4132 quidem
1106 4034 1322 4116 Inachium

1282 4282 1316 4336 vl
