3000 5075
240 458 320 573 ¹44
532 466 794 552 Wnurttr
829 471 1203 559 Hrnrrucroru

217 634 262 703 Α.
277 635 324 701 D.
356 629 466 729 parati
483 627 709 726 procederent
723 630 760 700 in
770 629 923 702 Scociam
936 653 1016 702 cum
1030 629 1175 703 Comite
1187 627 1234 701 de
1242 632 1368 718 Waten·

226 736 318 801 η97·
357 763 414 830 na,
441 765 545 838 quem
569 737 629 813 suo
656 738 736 810 loco
765 737 974 836 praefecerat,
999 758 1040 812 ut
1065 743 1256 814 Scotorum
1285 740 1369 815 audr-

357 855 445 925 ciam
458 875 494 924 et
506 857 732 950 reprimerent
745 875 781 922 et
795 852 1006 943 castigarent,
1019 849 1243 948 praefixitque
1260 855 1308 925 eis
1316 871 1371 923 ter·

357 963 504 1052 minum',
530 963 565 1032 in
582 962 721 1034 Odavis
739 956 870 1062 scisicet
886 960 998 1031 Sanffl
1016 957 1163 1031 Hillarii
1185 961 1280 1058 apud
1296 959 1380 1034 Ebo-

356 1095 444 1161 rum,
464 1093 500 1143 ut
514 1074 652 1143 interim
666 1074 866 1167 pararentur
880 1091 916 1142 et
930 1074 1156 1143 convenirent
1174 1070 1322 1162 ibidem,
1340 1078 1371 1144 e'r

356 1203 442 1257 tunc
455 1187 489 1255 in
504 1182 581 1258 suos
595 1184 705 1257 hostes
723 1181 922 1282 processuri.
958 1181 1058 1253 Mifit
1071 1172 1186 1257 eciam
1196 1188 1279 1257 Rex
1290 1187 1369 1257 Litt-

357 1321 410 1374 ras
424 1294 496 1367 suas
510 1295 553 1367 ad
567 1302 746 1387 Magnates
763 1296 904 1384 Scociae,
920 1313 972 1382 ut,
986 1290 1036 1364 fi
1020 1317 1063 1364 ιιι
1076 1292 1152 1366 fide
1168 1316 1209 1368 et
1223 1298 1261 1368 in
1275 1295 1371 1370 fideli·

356 1429 428 1482 trte
442 1405 497 1480 sua
508 1429 694 1497 manerent,
705 1406 809 1481 ficut
800 1432 835 1479 ιιι
850 1404 979 1480 recessu
993 1401 1054 1476 suo
1065 1402 1100 1477 se
1114 1429 1298 1482 remanere
1309 1430 1371 1507 pru·

356 1515 529 1605 miserant,
545 1515 589 1588 ad
605 1515 867 1589 Parliamentum
884 1513 978 1588 suum
992 1512 1082 1611 apud
1101 1513 1276 1609 Eburum,
1293 1516 1371 1620 quod

356 1655 418 1729 per
434 1629 589 1700 Comites
609 1622 714 1698 suos
704 1653 739 1698 ιιι
759 1626 903 1699 crastino
921 1627 1034 1698 Sendi
1050 1623 1197 1698 Hillarii
1216 1629 1371 1703 celebren-

356 1741 440 1814 dum
454 1739 609 1811 statuerat
612 1719 755 1832 ,absque
768 1762 862 1810 omnt
853 1735 1098 1810 caviltacione
1112 1741 1292 1831 venirent,
1299 1740 1370 1817 elio·
1403 1756 1404 1809 ῑ

357 1875 442 1947 qum
456 1873 498 1921 ex
511 1867 593 1918 tunc
605 1845 699 1918 velut
711 1847 820 1921 hostes
818 1844 959 1946 publrct
971 1865 1187 1921 tenerentur
1220 1851 1276 1925 Ad
1287 1874 1404 1949 qutu
1403 1834 1404 1895 3

358 1959 500 2060 quidem
516 1953 609 2028 diem
626 1973 857 2029 convenerunt
871 1950 1030 2028 Comites
1040 1954 1162 2046 nostri,
1174 1958 1232 2031 isti
1245 1959 1404 2049 scilicet.
1399 1958 1404 2001 s

357 2073 481 2143 Comes
494 2063 537 2136 de
548 2067 800 2164 Warenna,qui
813 2059 927 2136 locum
940 2066 1047 2157 Regis
1062 2084 1190 2140 tenens
1206 2067 1368 2166 personent

357 2181 459 2280 ipsius
473 2173 718 2279 praesentabat
707 2204 741 2250 tn
754 2178 832 2268 hoc,
841 2177 963 2250 Comes
974 2168 1304 2272 Gloucestriae‚cum
1314 2185 1367 2258 Co-

357 2292 482 2367 mitiisa
507 2296 625 2363 Uxore
650 2289 717 2380 sua,
743 2289 832 2363 Filia
850 2293 969 2384 Regis,
994 2293 1125 2365 Comes
1146 2296 1366 2384 marescallus,

356 2402 484 2472 Comes
500 2393 775 2486 Herefordensis,
793 2395 918 2468 Comes
932 2394 977 2469 de
991 2386 1174 2491 Arundess,
1196 2423 1237 2476 et
1248 2402 1364 2501 Guydo

355 2508 462 2587 Filius
472 2506 619 2581 Comitis
632 2506 676 2580 de
685 2507 877 2605 Watewyk,
886 2511 997 2582 Patris
1013 2506 1131 2586 locum
1149 2530 1285 2588 tenens.
1316 2517 1362 2587 Βι-

355 2644 454 2695 rones
468 2622 578 2692 ‘eciam
590 2619 655 2707 isti,
670 2616 811 2705 scilicet,
823 2622 992 2691 Henricus
1009 2616 1052 2692 de
1068 2626 1197 2720 Perey,
1210 2625 1361 2727 Johrnnes

354 2737 399 2810 de
417 2734 520 2820 Wak,
541 2733 714 2834 Johannes
729 2729 773 2801 de
789 2733 943 2822 Segrave,
967 2752 1004 2802 et
1023 2736 1211 2827 Magnates
1229 2740 1358 2838 plurimi,

355 2846 674 2943 communicatoque
688 2833 1040 2932 confiliopolu‘erunt,
1050 2864 1089 2915 ut
1098 2848 1277 2923 constaret
1288 2874 1358 2922 corn

355 2960 450 3031 muni
471 2956 599 3053 populo
617 2955 659 3027 de
671 2954 937 3027 confirmacione
951 2961 1089 3047 Magnae
1105 2961 1226 3035 Cartae
1242 2984 1279 3036 et
1293 2964 1357 3035 Car·

353 3088 395 3139 tae
409 3065 453 3137 de
471 3067 605 3137 Forcsta
615 3099 626 3151 ;
653 3065 743 3137 unde
758 3063 840 3137 leur
855 3072 982 3158 Magna
999 3070 1102 3143 Carta
1119 3097 1202 3147 cum
1221 3074 1357 3149 Articulis

353 3177 499 3264 insertis,
523 3200 608 3273 quos
625 3180 896 3251 enumeravimus
913 3177 1022 3277 supra,
1035 3181 1093 3252 'de
1115 3208 1294 3287 praecepto
1313 3210 1357 3257 eo

354 3318 429 3365 rum
452 3287 673 3361 Karliolensrs
698 3287 897 3389 Episcopus,
930 3294 1198 3371 Pontificalibus
1225 3301 1357 3386 indutus,

353 3401 730 3473 Excommunicacionis
747 3398 982 3472 sentenciam'
971 3426 1007 3472 tn
1025 3429 1149 3479 omnes
1173 3412 1250 3507 ejus
1269 3411 1355 3485 viola·

351 3536 442 3589 tores
458 3508 663 3582 fulminavit
703 3511 861 3608 Cumque
878 3536 945 3583 non
957 3517 1116 3590 venirent
1131 3520 1230 3593 Scoti
1231 3546 1354 3621 ,neque

352 3629 543 3713 mitterent,
557 3624 754 3710 statuerunt,
785 3624 871 3693 utin
889 3623 1027 3695 oetaeis
1043 3620 1269 3725 sequentibus
1283 3656 1337 3728 apu
1321 3626 1354 3701 ud

352 3741 494 3811 Novum
511 3737 662 3808 Castrum
681 3731 923 3832 supetTynam
937 3739 1050 3810 omnis
1066 3764 1353 3839 numeraretutpo·

354 3846 452 3944 pulus
468 3844 649 3943 expeditus
662 3843 706 3914 ad
723 3869 883 3940 pugnam,
899 3865 934 3914 et
947 3841 991 3915 fic
1007 3852 1190 3923 'continue
1210 3850 1351 3952 procede·

354 3979 408 4030 ret
423 3962 458 4030 in
473 3959 592 4029 hostes.
633 3959 819 4030 Venientes
832 3976 945 4028 autem
957 3956 1100 4051 ibidem,
1112 3957 1351 4040 numeraverunt

555 4208 568 4252 1
593 4187 759 4257 Continuo
773 4184 999 4273 procederetur
1019 4193 1052 4253 T.
1065 4190 1167 4263 &Tr.

1300 4336 1346 4413 n
1401 4377 1404 4482 ι

1399 4581 1404 4620 s
