3000 5075
243 486 573 595 'Histonra
607 470 851 572 Enniam
888 493 1068 578 Parim.
1104 524 1106 528 ’
1244 511 1295 597 69

173 636 350 714 dienciam
368 647 475 716 eciam
497 640 734 725 Dunolmensis
754 641 927 742 Episcopi,
952 657 1052 742 quain
1073 647 1187 744 primo
1217 659 1260 725 A.
1279 661 1325 729 D,

175 751 343 852 pompose
365 761 525 852 pecierat,
550 756 781 852 appellacione
809 758 1015 854 interpofita,
1040 759 1188 850 segniter
1224 761 1314 824 ¹²95·

175 865 376 964 prosecutus
397 869 454 939 est.
498 869 589 937 Huic
610 862 757 938 succcifit
772 871 940 939 Henricus
962 869 1007 940 de
1022 870 1187 958 Newerk,

176 973 330 1071 ejusdem
352 974 506 1048 Ecclesrae
532 980 699 1063 Decanus,
723 975 856 1049 elesius
871 984 924 1045 'et
942 976 1113 1050 Fratribus
1129 976 1186 1048 die

175 1086 325 1157 Veneris
337 1087 492 1179 proximo
500 1106 578 1155 ante
586 1082 821 1158 Ascenlionem
833 1088 974 1161 Domini
988 1091 1066 1159 anni
1077 1084 1187 1184 'ejus-

172 1191 271 1264 dem'
288 1192 453 1266 millefimi
473 1195 552 1266 CCi.
576 1194 778 1286 nonagesimi
801 1193 895 1284 sexti,
923 1200 995 1292 qui,
1020 1197 1118 1269 miffrs
1144 1194 1186 1267 ad
1314 1187 1317 1193 ⁵

176 1300 303 1396 Papam
313 1304 476 1391 Nunciis,
486 1328 527 1374 eo
538 1301 629 1398 quod
642 1300 861 1398 personaliter
874 1303 966 1376 adire
981 1331 1047 1377 non
1066 1303 1185 1402 pollet,

177 1412 322 1510 propter
342 1412 475 1485 exosam
498 1437 649 1505 guerram
667 1416 757 1485 inter
773 1413 859 1486 duos
879 1420 991 1505 Reges
1017 1417 1186 1514 periculo·
1255 1457 1260 1463 ·

176 1521 296 1594 fiilime
310 1526 551 1614 continuatam,
569 1548 628 1621 per
645 1525 774 1596 Bullam
792 1524 892 1623 ipsius
906 1528 1124 1600 confirmatus
1138 1530 1185 1600 est

176 1626 215 1710 in
232 1656 322 1704 anno
340 1631 506 1731 sequenti,
527 1657 563 1704 er
582 1636 704 1704 iterum
728 1634 826 1705 miffis
847 1640 998 1708 Nunciis
1014 1661 1077 1734 pro
1089 1640 1183 1712 Con·

175 1741 372 1816 secracione
388 1765 423 1816 et
439 1744 560 1833 Pallio,
585 1770 627 1817 ex
648 1742 901 1841 dispensacione
917 1748 1068 1845 ejusdem
1086 1753 1185 1847 Papae

175 1855 352 1929 Bonefacii
369 1856 579 1931 consecratus
594 1859 641 1930 est
656 1862 691 1930 in
711 1857 858 1930 Ecclesia
874 1857 931 1933 sua
949 1859 1101 1935 liborum
1123 1886 1193 1962 per

176 1971 382 2059 Antonium,
399 1969 660 2043 Dunolmcnsem
678 1966 894 2068 Episcopum,
905 1976 960 2044 cui
974 1973 1187 2045 commiserat

176 2076 270 2176 Papa
285 2081 481 2177 potestatem
495 2080 579 2151 hanc
594 2078 785 2179 specialem,
798 2081 982 2152 Dominica
994 2081 1122 2154 scilicet
1135 2081 1190 2155 se-
1293 2090 1299 2106 “

175 2189 290 2269 cunda
307 2192 379 2289 post
396 2192 525 2263 Festum
548 2193 673 2263 Sandtae
690 2192 884 2280 Trinitatis,
909 2197 1034 2267 xv110.
1054 2191 1183 2269 scilicet

176 2302 260 2376 Kal.
273 2302 370 2401 Julii,
387 2309 485 2375 Anno
503 2307 645 2378 Domini
661 2311 726 2378 ΜΟ.
743 2303 830 2378 CC0.
843 2304 931 2376 Χία.
951 2308 1020 2380 ³V⁰.

255 2613 403 2696 Dominus
416 2612 605 2701 Edmundus,
629 2616 734 2685 Frater
747 2612 855 2703 Regis,
878 2606 1099 2702 transfretavit.

289 2773 323 2842 O
332 2800 354 2845 o
367 2800 385 2846 a
398 2800 428 2847 nr
442 2799 530 2845 anno
538 2769 763 2848 transfretavit
772 2774 807 2843 in
816 2764 1028 2858 Vasconiam,
1040 2796 1084 2858 ex
1098 2794 1181 2870 prat·

312 2899 411 2974 cepto
423 2880 536 2971 Regis,
548 2880 712 2950 Dominus
730 2873 945 2964 Edmundus,
961 2878 1078 2949 Frater
1093 2879 1178 2974 ejus,
1198 2899 1200 2906 ·

174 3017 255 3064 cum
271 2983 410 3062 Comite
426 2986 667 3076 Lincolnienli,
685 2985 850 3059 associatis
868 2989 917 3057 eis
929 2992 1057 3062 XXVI.
1074 2992 1180 3061 Bane·
1271 3039 1274 3044 -

173 3102 288 3189 rettis,
299 3118 334 3171 et
348 3103 444 3174 vnc.
457 3101 589 3172 armatis
602 3122 679 3170 cum
693 3095 788 3196 plebe
801 3095 917 3186 multa,
931 3095 1181 3194 applicuerunt-

174 3235 245 3311 que
273 3213 362 3283 circa
390 3208 548 3284 Medium
569 3204 841 3299 'Qadragesrmae
864 3206 954 3306 apud
975 3211 1122 3297 Burgum
1144 3225 1179 3275 et

172 3322 330 3421 Blaynes,
355 3322 614 3421 manseruntque
638 3317 768 3392 ibidem
787 3345 864 3392 cum
881 3319 1012 3409 nostris,
1036 3339 1122 3417 quos
1142 3320 1178 3388 in
1195 3384 1201 3399 χ

172 3427 292 3506 ebrum
308 3431 455 3506 adventu
476 3432 746 3525 congratulantes
763 3433 971 3521 invenerant,
997 3429 1102 3529 usque
1117 3432 1179 3502 Pa-

172 3539 264 3633 scha,
290 3564 326 3615 et
341 3546 538 3637 congregati
553 3539 685 3614 suntad
702 3563 759 3611 eos
775 3532 1014 3612 Vasconienses
1028 3534 1124 3607 multi
1142 3557 1179 3607 et

171 3672 295 3725 ceterae
312 3654 500 3741 Naciones,
525 3653 570 3721 ita
587 3647 680 3748 quod
697 3649 731 3717 in
745 3643 838 3716 brevi
851 3666 1025 3716 creverunt
1042 3649 1101 3717 ⁴in
1117 3673 1179 3719 nu·

213 3879 229 3923 1
253 3864 349 3942 Lege,
369 3860 449 3941 apro
460 3874 506 3941 et,
528 3881 588 3921 cum
599 3861 632 3921 Τ.
645 3856 684 3929 &¹
698 3860 747 3921 Tr.
788 3880 809 3921 2
829 3855 933 3938 Abeffe
946 3857 1045 3919 malim
1063 3878 1126 3919 tum
1141 3862 1175 3919 T.

173 3951 228 4018 Sed
238 3953 271 4016 in
286 3956 336 4020 Tr·
346 3969 419 4019 ante
435 3954 641 4024 affentionem
652 3953 858 4018 Dominicam
872 3950 947 4017 anni
960 3950 1177 4033 ejusdemDo-

173 4114 250 4272 enipi
265 4046 549 4212 lllCCXCscxti·
593 4134 614 4198 3-
629 4116 817 4181 Reatinum
830 4117 879 4183 Tr.
895 4110 998 4201 VHI9.
1037 4113 1177 4196 40mt‘t-

171 4218 207 4272 tat
243 4251 252 4272 .

994 4325 1001 4353 '·
1038 4310 1179 4387 merum‘
1312 4375 1337 4405 „
