3000 5075
344 296 972 464 bannitio

168 557 274 653 erant
291 540 489 650 exposuit·
518 541 693 625 Prodidit
707 542 827 652 igitur
841 490 1184 652 Reinebns‚quod·

164 667 432 756 beneficiarius
442 671 620 753 Consul-is
630 691 716 752 erat
728 671 890 777 is,quem
903 668 1174 779 consur-quis-

162 791 244 900 quis
260 782 395 899 firerit,
412 793 461 874 ad
480 796 568 876 eum
583 795 729 876 militiae
747 793 924 903 gradum,
935 794 1175 902 fivetogata,

161 915 232 999 five
248 940 403 1002 armata
418 949 464 1003 ea
478 899 608 1025 fierit,
624 940 889 1031 promoverat,
916 943 959 1000 ut
969 921 1067 1001 liber
1080 921 1175 1003 effet

161 1042 182 1120 ‘a
199 1042 342 1124 muniis
359 1041 561 1145 faciundis,
579 1042 653 1127 sure
667 1044 933 1150 inprocind‘tu
948 1046 996 1124 ab
1012 1045 1174 1127 crestio·

157 1193 208 1249 ne
219 1168 322 1273 valli,
351 1170 524 1278 paranda
537 1167 634 1251 soffa
649 1170 831 1273 excubiis,
855 1170 1033 1280 angariis,
1053 1170 1174 1252 basta·
1204 1196 1206 1203 ·

157 1295 246 1406 giis,
260 1300 393 1406 pabuli
408 1300 585 1402 materia,
609 1299 803 1409 lignorum
819 1301 992 1409 aggestu,
1022 1319 1056 1382 or
1075 1296 1172 1400 fimi·

158 1421 259 1502 libus
279 1425 505 1513 muneribus
526 1420 766 1506 militaribus.
806 1426 870 1503 De
891 1419 1077 1532 ejusmodi
1099 1426 1171 1501 Bes

107 1636 110 1647 y
156 1545 365 1631 neficiariis
378 1548 675 1658 intelligendum
690 1545 765 1626 effe
776 1548 989 1648 Polybium,
1000 1547 1096 1631 tvl.
1107 1544 1173 1651 ubi

158 1675 342 1756 nominat
366 1677 448 1766 siras
467 1675 700 1771 &Marandis
723 1669 949 1783 epoenuotdu'orv
974 1677 1012 1782 τῇ
1035 1674 1172 1759 Ψΐπᾶ-

158 1834 217 1882 rur
245 1799 384 1903 χάμπ,
419 1802 573 1882 monuit
603 1799 800 1882 Reinefius
829 1806 1029 1909 Syntagm.
1055 1800 1171 1888 Inscr.

157 1947 195 2028 p.
212 1955 308 2026 524·
347 1952 426 2033 quo
441 1925 531 2007 loco
544 1923 683 2006 leviter
703 1925 819 2034 etiam
839 1921 1091 2030 reprehendit
1107 1925 1173 2008 Vi÷

157 2070 242 2129 rum
257 2047 433 2154 dodum,
450 2053 516 2159 qui
534 2070 701 2157 putarat,
718 2052 760 2131 in
776 2047 939 2160 gratiam
956 2047 1172 2133 Consulum

1215 390 1286 445 LXI

156 2173 348 2256 militaffe.
391 2175 518 2255 Aliter
530 2177 569 2255 se
586 2201 645 2256 res
662 2174 808 2255 habuit.
841 2172 1039 2254 Nimirum
1054 2172 1174 2257 benef
1268 2198 1270 2205 ·

157 2293 249 2378 ficio
273 2295 491 2380 Consulum
517 2299 581 2380 vel
605 2297 760 2379 alterius
787 2295 1034 2405 Magistratus
1056 2304 1171 2399 (nam

157 2446 242 2503 non
260 2441 417 2504 tantum
434 2423 483 2505 de
508 2423 732 2526 Consulum,
757 2419 824 2503 sed
848 2433 888 2504 &
908 2419 957 2500 de
973 2419 1173 2503 Tribun0÷

158 2569 258 2651 rum,
270 2555 486 2632 Praetorum
498 2578 543 2633 ac
554 2546 832 2636 prefectorum
847 2546 888 2626 in
898 2542 994 2628 saxis
1007 2545 1171 2655 legimus
1209 2536 1218 2564 ⁸

156 2677 432 2787 beneficiariis)
452 2679 621 2786 praemia,
640 2673 790 2787 gradus,
808 2672 1087 2777 emolumenta,
1103 2673 1172 2755 im·

158 2800 395 2884 munitatem
411 2800 556 2911 adepti,
570 2808 593 2884 a
610 2801 831 2882 muneribus
846 2800 1046 2881 vacabant.
1092 2798 1171 2880 Sic·

158 2923 250 3009 ntia
263 2931 467 3012 contrario
482 2929 655 3038 munifices
669 2929 923 3028 vocabantur,
936 2931 1004 3034 qui
1018 2952 1097 3006 non
1109 2952 1172 3006 ua·

158 3049 322 3158 cabant‚·
343 3054 409 3137 sed
433 3056 569 3137 munus
596 3052 813 3159 reipublicae
834 3051 1042 3149 faciebant.
1092 3048 1174 3132 Etsi

156 3170 275 3285 igitur
289 3181 420 3264 milites
437 3204 480 3259 re
498 3204 586 3259 vera
604 3178 737 3276 essent,
766 3204 846 3257 non
864 3173 928 3256 ali-i
948 3193 1080 3256 tamen
1098 3172 1177 3258 irtio

157 3325 233 3407 que
258 3324 387 3386 erant·
400 3326 517 3413 atque
541 3303 669 3385 milites
694 3302 845 3402 emeriti,
873 3299 1004 3408 quales
1027 3298 1182 3384 scilicet

157 3447 314 3511 wmarus
333 3408 448 3510 aliter
466 3426 727 3535 appellabant.
772 3425 1012 3525 profluum
1039 3423 1179 3533 lingua.

157 3552 301 3638 dixeris
320 3554 535 3639 vernacula.
591 3566 632 3636 ὃς
653 3553 809 3662 quidem
826 3554 952 3657 aptius
970 3576 1085 3657 quam
1100 3553 1171 3635 uuo

155 3682 356 3787 lantum,
383 3693 432 3763 ne
445 3681 496 3763 de
513 3681 686 3793 tyronibus
702 3681 849 3788 pariter
865 3700 981 3787 atque
1001 3679 1180 3760 militibus.

131 3785 310 3894 ‘emeritis
325 3809 533 3919 intelligas.
571 3806 762 3915 Equidem
779 3806 921 3907 fateor,
947 3811 1026 3885 tam
1042 3805 1181 3910 junio.

156 3963 218 4021 res
240 3961 360 4046 quam
382 3933 552 4015 seniores
566 3929 683 4014 ultro
698 3930 885 4011 militaffe.
939 3933 994 4010 At
1013 3926 1182 4011 seniori-z

154 4063 225 4145 bus
255 4062 530 4182 potiusquam
549 4056 764 4168 junioribus
793 4054 1031 4138 conveniunt
1055 4081 1170 4177 voces

1098 4188 1171 4263 Po-
