3000 5075
231 524 313 601 244
417 496 857 580 utrumnum»
884 487 1017 581 Pius
1044 493 1293 603 Quum

211 661 256 728 A.
274 661 319 727 D.
350 654 509 727 exaltavit
526 642 602 726 e‘urn
624 650 722 753 supra
737 678 858 726 omnes
873 657 1086 755 propinquos
1100 655 1174 751 ejus
1191 658 1230 727 &
1247 671 1356 751 parcu-

221 761 310 827 ¹3⁰7·
349 786 412 838 tes.
452 765 528 865 lpse
551 791 633 838 vcro
653 770 774 839 Petrus
794 763 840 837 fic
855 765 1002 841 elevatus
1021 763 1121 861 supra
1139 762 1187 854 se,
1211 759 1356 875 desperit

347 876 446 965 alios,
461 886 500 952 &
514 880 550 949 in
566 875 634 948 fine
646 868 819 974 despectus
832 875 889 949 eu.
915 876 1074 971 Cumque
1090 872 1277 946 duceretur
1287 892 1358 943 cota

349 1012 411 1084 pus
425 991 531 1081 Regis
548 990 673 1059 mortui
687 992 706 1058 a
720 985 801 1058 loco
812 1011 884 1084 quo
899 985 989 1059 obiit
1002 984 1046 1058 ad
1063 1005 1182 1086 partes
1193 980 1355 1071 austrdcs,

349 1126 410 1199 per
426 1105 576 1178 modicas
594 1103 703 1176 dictas
721 1100 792 1200 ipse
807 1101 898 1175 filius
920 1126 1025 1177 novus
1037 1125 1100 1173 tex
1114 1126 1196 1173 cum
1212 1100 1353 1171 Domino

348 1212 453 1281 Petro
467 1211 625 1310 ptaeceffit
639 1218 658 1284 a
674 1212 787 1303 longer
829 1212 997 1283 Dominus
1013 1233 1099 1281 veto
1117 1207 1355 1283 Thesauruius

349 1315 526 1421 episcopus
546 1322 682 1396 Cestriae
699 1321 877 1423 praediiius
898 1319 983 1394 fecit
1003 1312 1210 1395 comitivam
1227 1320 1355 1419 corpori

348 1434 437 1521 regis
451 1436 591 1523 mortui,
610 1440 647 1506 &
660 1452 797 1504 omnem
812 1431 977 1504 honorem
993 1453 1099 1528 quern
1117 1431 1241 1527 potuit
1255 1425 1355 1501 eidem

348 1538 543 1614 exhibebat.
592 1544 750 1642 Cumque
777 1539 918 1615 veniffct
944 1541 1036 1643 apud
1064 1539 1247 1616 Waitham
1271 1541 1357 1638 jum

346 1649 556 1742 Londonias,
582 1662 619 1728 &
637 1650 719 1727 effer
734 1678 814 1725 cum
832 1676 994 1751 corpore:
1021 1675 1083 1723 tex
1097 1677 1213 1726 novus
1234 1659 1272 1727 &
1290 1656 1357 1725 Do·

260 1784 262 1793 ·
348 1764 460 1835 minus
476 1765 596 1837 Petrus
610 1765 873 1862 conjuraverunt
888 1782 1007 1836 contra
1021 1786 1114 1852 curn,
1135 1787 1205 1861 pro
1216 1760 1351 1861 eoquod

223 1872 227 1881 '
346 1872 383 1941 in
401 1874 470 1944 vita
487 1874 591 1970 patris
616 1873 730 1946 uoluit
750 1876 800 1946 eis
812 1874 936 1961 'omnia
955 1871 997 1945 ad
1015 1871 1158 1946 libitum
1177 1873 1355 1945 ministare

346 1979 394 2052 de
413 1977 568 2054 thesauro
594 1985 697 2082 patris
720 1985 810 2076 regis
831 1983 970 2071 mortui,
995 2000 1031 2052 et
1054 1980 1160 2054 miffis
1182 1968 1353 2071 militibus,

346 2092 675 2187 comprehenderunt
686 2119 778 2185 euru,
793 2113 828 2166 et
839 2093 1020 2190 posuerunt
1030 2117 1109 2165 eum
1119 2096 1161 2166 in
1172 2098 1260 2167 turri
1272 2100 1354 2169 Lou-

347 2200 514 2294 donicnfi,
524 2226 560 2277 ct
569 2205 753 2281 deinde'de
765 2208 870 2279 castro
881 2210 916 2280 in
925 2206 1065 2278 castrum
1078 2230 1143 2304 pet
1156 2207 1268 2281 multa
1279 2230 1356 2281 tcm-

347 2338 442 2412 pora,
461 2340 523 2389 ncc
535 2319 644 2392 voluit
659 2317 805 2393 liberate
820 2342 898 2390 eum
912 2341 971 2389 rex
983 2314 1027 2387 ad
1039 2311 1245 2391 mandatum
1257 2344 1355 2419 pape,

347 2420 459 2522 neque
473 2427 516 2500 ad
528 2450 682 2522 rogatum
696 2428 842 2500 duorum
856 2423 1201 2524 Archiepiscoporum
1213 2430 1352 2503 Cantut·

221 2582 223 2586 -
348 2538 406 2607 riae
424 2546 463 2611 &
481 2538 629 2613 Eburum
647 2566 724 2613 cum
742 2538 835 2609 clero
850 2536 912 2610 suo
933 2534 986 2607 vel
1003 2559 1253 2629 magnatorum
1269 2542 1353 2633 tegni

348 2650 409 2738 sui,
436 2649 494 2723 scd
511 2651 638 2751 semper
656 2678 731 2724 eum
750 2653 861 2722 tenuit
878 2654 913 2721 in
931 2673 1077 2741 carcere,
1095 2657 1135 2724 δε
1154 2677 1279 2726 omnes
1293 2674 1363 2725 ter··

346 2786 398 2833 ras
413 2760 495 2851 suas,
520 2790 601 2861 quas
618 2761 688 2861 ipse
706 2758 908 2859 adquifierat
924 2763 959 2830 in
977 2762 1046 2830 vita
1063 2764 1174 2855 patris
1191 2760 1245 2836 sui
1264 2768 1355 2858 regit,

345 2873 389 2944 ad
412 2874 589 2945 valentiam
611 2876 764 2971 quinque
786 2872 894 2943 millia
911 2895 1099 2943 marcarum
1116 2882 1305 2967 annuatim,
1324 2881 1356 2949 iu

346 3011 446 3059 manu
464 2985 520 3058 sua
536 2983 670 3075 saisrvit,
695 2984 875 3083 omnesque
890 2988 999 3056 exitus
1013 2981 1152 3055 illarum
1171 2985 1354 3086 dedimu-

347 3099 441 3167 mino
455 3098 567 3167 Petro,
605 3093 679 3191 Ipse
696 3119 778 3167 vero
793 3118 851 3164 rex
866 3116 900 3164 et
912 3089 1030 3165 Petrus
1043 3089 1244 3167 thesaurum
1262 3097 1352 3194 ipfius

345 3200 508 3301 episcopi,
533 3203 621 3305 apud
644 3231 766 3275 novum
792 3202 956 3302 templum
978 3198 1177 3273 Londoniis
1200 3205 1352 3278 recondi-

346 3335 433 3405 tum,
453 3336 626 3412 ceperunt,
647 3314 690 3385 ad
705 3310 866 3385 summam
884 3311 1126 3409 quinquaginta
1143 3312 1245 3387 milia
1259 3313 1353 3403 libra-

346 3449 420 3495 rum
444 3428 587 3515 argenti,
613 3446 733 3521 praeter
753 3449 870 3496 autum
893 3420 1052 3507 multum,
1073 3418 1201 3515 jocalia
1220 3429 1262 3495 &
1277 3421 1353 3520 lapi·

344 3533 405 3606 des
422 3532 604 3630 preciosos,
618 3560 702 3631 quos
720 3554 755 3607 et
772 3559 846 3632 quae
862 3528 953 3629 quasr
968 3532 1084 3599 omnia
1095 3529 1200 3603 dedit
1214 3530 1289 3632 ipsc
1301 3556 1353 3603 rer

345 3647 459 3718 Petro.
497 3650 601 3716 Erant
614 3648 706 3716 enirn
718 3644 817 3716 ambo
830 3642 1017 3741 praesentes,
1032 3666 1109 3714 cum
1123 3644 1215 3716 cistae
1228 3643 1352 3737 frange-

343 3778 470 3825 rentur.
510 3774 545 3825 et
558 3752 669 3826 adhuc
684 3780 750 3825 non
766 3776 837 3825 erat
850 3751 1014 3848 sepultum
1028 3776 1155 3849 corpus
1173 3752 1346 3854 patrissui

344 3863 516 3959 Deditque
533 3866 565 3936 ei
582 3885 693 3937 totum
710 3862 901 3936 thesaurum
918 3863 1019 3960 patris
1034 3860 1082 3960 sqi
1099 3869 1205 3955 tegis,
1220 3886 1348 3940 centum

249 4022 253 4030 ·
342 3971 436 4043 mille
449 3972 551 4045 libras
566 3976 709 4063 argenti,
733 3992 855 4069 praeter
869 3994 999 4057 aurum,
1023 3978 1062 4043 &
1078 3970 1216 4070 lapides
1230 3978 1350 4073 pretio·

340 4080 394 4153 sos
417 4084 595 4179 &jocalia
621 4081 736 4155 multa.
792 4083 877 4173 Qum
899 4078 990 4178 quast
1009 4085 1127 4153 omnia
1149 4085 1222 4183 ipse
1241 4089 1349 4160 Petrus

340 4215 399 4288 per
421 4216 537 4264 manus
565 4210 788 4265 marcatotum
811 4186 993 4262 transmisrt
1015 4191 1053 4261 in
1078 4200 1232 4287 patriam.
1253 4194 1344 4269 suam.

1276 4310 1345 4377 Rex
