3000 5075
303 413 583 533 Hrs‘rourr
618 436 1082 538 Eovnnur'Puvur.
1128 551 1130 554 ³
1183 513 1186 517 -
1246 487 1323 562 145

176 607 343 711 populum
355 609 556 686 universum.
601 617 645 685 Et
658 616 795 686 inventa
806 611 880 685 sunt
892 606 970 694 duo,
983 614 1077 686 milia
1093 628 1202 713 equo·
1220 603 1276 688 Ι-Α,
1294 625 1339 690 D.

178 746 256 802 rum
272 718 480 794 armatorltm
497 750 576 796 cum
600 721 832 797 ascensoribus
849 724 978 813 cleeris,
1002 746 1037 795 et
1056 722 1202 799 aliorum
1242 724 1331 788 ¹²97·

178 834 415 930 equitantium
433 828 606 929 plusquam
626 832 723 905 mille
738 831 893 920 ducenti,
918 831 1073 928 peditum
1088 853 1202 906 autem

177 953 261 1016 cum
278 939 499 1019 Wallenfibus
513 939 692 1041 plusquam
708 963 846 1014 centum
860 940 966 1033 milia,
984 963 1019 1012 et
1033 941 1201 1041 procelle-

172 1073 262 1126 ·runt
277 1054 445 1123 contin'uo
460 1047 566 1148 usque
583 1050 626 1122 ad
644 1050 796 1124 confinia
813 1053 1023 1142 Regionum,
1039 1072 1074 1122 et
1089 1050 1201 1142 singu-

180 1161 224 1236 lis
239 1160 360 1233 diebus
372 1157 558 1252 augebatur
572 1184 690 1233 eorum
707 1185 875 1248 numerus,
896 1180 931 1230 et
944 1162 981 1231 in
994 1158 1200 1259 pedestribus

180 1264 218 1344 tt
231 1275 269 1345 iu
293 1270 476 1369 equitibus.
525 1271 687 1368 Cumque
706 1267 873 1343 scivissent
895 1273 991 1342 Scoti
1011 1270 1196 1344 adventum

180 1404 302 1455 eorum
319 1380 503 1471 'validum
527 1382 726 1475 timuerunt,
744 1400 780 1453 et
797 1380 1032 1478 relinquentes
1048 1378 1198 1450 obsidio-

131 1474 135 1487 ·
164 1500 260 1566 'uem
278 1492 384 1565 Casiri
400 1489 444 1560 de
464 1489 681 1582 Rokesburg,
704 1487 799 1588 quod
823 1489 934 1560 multo
951 1491 1020 1585 jam
1044 1510 1198 1588 tempore

131 1666 136 1677 ,
180 1616 473 1697 oppugnaverant,
491 1620 543 1689 teo,
562 1594 656 1693 quod
673 1593 850 1667 tenebatur
867 1593 997 1666 ibidem
1014 1594 1200 1694 Episcopus

155 1742 159 1757 ·
183 1705 419 1801 Glasguensrs„
433 1694 593 1797 fugerunt
621 1703 749 1778 ufacie
770 1705 971 1798 Anglorum,
996 1709 1198 1805 ingressique

133 1838 139 1853 ’
182 1815 261 1892 sunt
279 1820 381 1892 nostri
397 1839 436 1889 et
450 1817 578 1892 Villam
594 1839 630 1889 et
647 1818 800 1890 Castrum
815 1816 1026 1894 consolantes
1041 1817 1198 1912 obsessos,

142 2024 147 2035 1
181 1950 217 2001 et
230 1929 412 2004 vulneratis
427 1952 462 2001 et
480 1931 637 2002 attonitis
654 1929 821 2004 medelam
840 1927 1054 2025 adhibentes,
1072 1935 1198 2007 confir-

182 2047 343 2141 matoque
359 2045 485 2125 ,Castro
503 2042 636 2135 digreffi
660 2041 736 2116 sunt
763 2041 869 2140 usque
897 2045 1068 2120 Kellhow.
1113 2044 1201 2118 Inde

182 2146 394 2229 revertentes
408 2155 498 2252 apud
513 2146 678 2251 Berewylc
689 2152 787 2253 super
801 2156 979 2248 Twedam,
996 2145 1200 2231 invenerunt

180 2262 1200 2367 ωωωωαψωῶψωᾶὠωώπωω

180 2369 332 2463 ingressu
344 2368 380 2446 in
393 2393 533 2466 terram,
545 2396 580 2447 et
593 2373 745 2468 Anglicis
758 2377 1077 2477 Castrensrbus,qui
1092 2379 1203 2451 multo

177 2486 251 2584 jam
266 2503 423 2584 tempore
439 2489 582 2562 aScotis
598 2485 731 2561 fuerant
746 2494 946 2587 oppugnati,
977 2490 1063 2564 sada
1079 2493 1125 2563 est
1143 2491 1200 2563 lae·
1250 2587 1253 2591 ι

167 2596 268 2682 ¹titia
279 2619 398 2692 magna
416 2602 450 2671 in
463 2598 657 2671 admiffione
669 2597 815 2698 suorum.
842 2600 998 2695 Cumque
1012 2601 1200 2673 nostrorum
1214 2661 1220 2666 .
1346 2625 1350 2652 ι

150 2707 1200 2809 ,ffifflfflQOmfflffimmmmmffiw

182 2842 301 2893 torum
322 2824 508 2894 exercitum
528 2820 721 2911 dirigerent
744 2822 835 2892 acies
852 2817 937 2909 suas,
961 2843 1041 2891 ecce
1062 2828 1081 2893 b
1105 2824 1203 2913 Rege

183 2931 301 3005 nostro
318 2951 440 3004 novum
457 2934 624 3003 emanavit
640 2929 861 3002 mandatum·
892 2926 1082 3025 supervenit
1095 2935 1202 3023 enim,

183 3039 280 3141 quali
298 3044 334 3114 in
347 3045 516 3141 principio
530 3040 820 3135 Qadragesrmae,
851 3040 956 3114 Miles
973 3042 1111 3138 quidam
1124 3069 1202 3115 curm

182 3155 315 3226 Lireris
340 3156 447 3246 Regis
463 3152 506 3224 ad
533 3153 732 3251 predictum
754 3156 928 3226 Comitem
952 3152 998 3224 de
1020 3159 1202 3243 Warenna,

183 3260 405 3361 'ceterasque
421 3262 575 3350 Comites
592 3285 626 3335 et
644 3262 728 3336 alios
746 3261 822 3335 suos
839 3261 968 3351 fideles,
994 3268 1202 3339 continenti-

152 3391 155 3396 “
183 3373 249 3447 bus
262 3376 298 3444 in
313 3394 407 3470 parte
419 3372 482 3445 fic:
508 3374 614 3469 Qod
630 3370 701 3472 ipse
714 3379 803 3463 Rex,
816 3379 953 3448 audore
965 3361 1129 3463 Domino,
1142 3399 1202 3450 ne-

184 3485 287 3576 gocia
308 3478 365 3564 sua
383 3480 600 3555 transmarina
620 3487 688 3582 jam
708 3484 795 3557 bene
815 3510 876 3583 pro
890 3501 972 3559 voto
987 3488 1199 3582 expedierat,

184 3615 224 3665 er
245 3597 281 3665 in
301 3590 437 3692 propria
453 3591 598 3693 persona
616 3604 813 3692 properaret
835 3593 876 3664 ad
895 3620 954 3666 eos
979 3600 1016 3669 in
1036 3599 1201 3685 Scociam,
1229 3606 1247 3664 .’

185 3709 375 3777 cumomni
396 3705 614 3779 festinacione
637 3732 702 3803 qua
726 3703 846 3804 pollet,
873 3705 1036 3796 adiciens,
1062 3728 1099 3780 ut
1124 3725 1203 3781 ante

185 3803 289 3913 ipfius
306 3814 485 3892 adventum
500 3816 607 3894 nichil
622 3816 707 3913 quid
722 3843 879 3908 magnum
893 3838 1152 3914 attemptaretur
1166 3823 1203 3891 in

185 3927 310 4015 Scotis,
336 3954 397 4000 nec
414 3927 448 4001 se
461 3928 533 4001 ullo
550 3924 740 4000 discrimini
758 3930 1002 4024 manciparent,
1012 3927 1081 4001 sed
1096 3928 1120 4001 fi
1138 3930 1202 4006 vile

229 4134 243 4177 1
269 4116 312 4187 Sic
327 4115 416 4177 etiam
431 4119 480 4177 Tr.
517 4116 634 4179 Resiiur
648 4128 744 4177 tamen
757 4116 803 4195 (ut
816 4116 949 4200 videtur)
962 4120 1036 4184 inT.
1059 4119 1152 4186 valde
1162 4123 1203 4184 ti·

188 4224 362 4269 nurerum..
391 4227 410 4269 2
432 4213 472 4271 L.
490 4227 550 4271 cum
562 4211 597 4271 T.
608 4204 648 4281 ὁ*
663 4212 711 4273 Tr.
735 4209 930 4292 ceterosque.

237 4289 321 4366 Vol.
336 4294 370 4375 Ι.Ἷ
660 4333 662 4344 ·
700 4393 703 4400 ἱ
814 4296 848 4364 Τ
1137 4294 1206 4366 lam
