3000 5075
287 450 566 567 lesronra
600 487 852 564 Euvannr
886 487 1063 566 Purnrr.
1219 497 1298 583 -163

156 644 257 738 juxta
270 646 438 731 Dominus
454 642 541 720 suos.
569 642 730 741 Dumque
742 639 927 740 pausassent
940 639 1178 728 modicum&
1211 644 1255 710 A.
1273 646 1318 709 D.

161 766 239 828 nox'
249 755 341 854 quasa
355 761 390 829 in
406 757 465 830 suo
481 757 597 829 medio
610 754 822 854 proceffilset,
839 757 1000 845 contigit,
1015 753 1110 853 quod
1123 753 1179 826 di·
1221 729 1311 817 ¹²93·

161 870 302 943 strarius
316 874 406 964 regis
417 874 585 943 incautius
601 878 620 943 b
634 895 737 968 parvo
753 851 949 954 custoditus,
968 865 1184 938 recalcitran-

158 980 212 1054 do
227 982 346 1078 pedem
361 980 473 1081 posuit
490 981 586 1082 super
601 979 709 1078 ipsum
724 1005 837 1071 regern
855 978 1111 1076 quiescentem·
1137 984 1183 1050 Et

139 1108 145 1115 “
160 1089 285 1167 audito
305 1091 394 1179 hoc,
413 1089 567 1182 regems.
588 1088 653 1161 esse
669 1084 796 1175 laesum,
818 1089 926 1158 statim
944 1089 1094 1161 ascendit
1110 1089 1181 1161 cla-

161 1223 252 1292 rnor,
265 1200 471 1277 sedicionem
481 1204 570 1291 fieri,
586 1211 623 1276 &
636 1203 746 1274 hostes
759 1199 824 1272 else
838 1223 969 1297 paratos
986 1202 1029 1272 ad
1047 1205 1181 1274 irruen-

159 1311 246 1385 dum
264 1318 300 1386 in
317 1341 386 1387 eos.
409 1315 502 1411 Qi
520 1316 687 1385 continuo
704 1333 904 1408 paraverunt
919 1308 965 1399 se,
983 1332 1018 1381 et
1035 1310 1079 1382 ad
1095 1336 1180 1382 con-

161 1422 391 1515 grediendum
406 1423 546 1494 animari
564 1418 651 1494 sunt.
692 1424 969 1512 Cognita-tamen
988 1424 1037 1492 rei
1061 1420 1197 1520 ¹serie,

159 1555 199 1604 et
216 1541 329 1626 r'egem
346 1531 519 1605 modicum
536 1530 601 1604 esse
615 1528 741 1624 laesum,
761 1531 1056 1632 compatiebantur
1072 1535 1119 1621 ei,
1143 1553 1181 1603 et

160 1649 331 1745 requievit
345 1642 481 1744 spiritus
494 1670 623 1716 eorum.
652 1648 843 1743 Statimque
854 1641 1056 1719 ascendente
1068 1645 1177 1737 Rege,

160 1756 308 1858 profesti
321 1756 395 1830 sunt
408 1764 451 1831 δε
460 1755 664 1830 transierunt
677 1757 793 1830 villam
803 1757 846 1829 de
857 1754 1050 1830 Linliscoth
1069 1761 1103 1830 in
1117 1784 1178 1829 au-

132 1900 134 1903 ·
159 1892 240 1939 rora
257 1865 342 1938 diei.
380 1866 538 1967 Cumque
556 1865 715 1939 levassent
728 1867 858 1955 oculos,
876 1871 964 1941 &in
984 1868 1180 1969 oppofitum

159 1995 317 2049 montem
345 1971 574 2072 respexissent,
599 1974 759 2046 viderunt
778 1977 812 2044 in
840 1969 1021 2070 supercilio
1052 1979 1181 2051 montis

154 2089 355 2186 lanceareos
376 2089 513 2164 multos.
559 2094 603 2161 Et
622 2086 797 2161 credentes
818 2087 866 2158 ibi
888 2086 955 2160 eise
977 2084 1178 2163 Scottorum

160 2204 385 2289 excercitum,
411 2199 646 2272 festinaverunt
663 2196 844 2271 ascendere
861 2224 926 2297 ‘per
947 2219 1074 2274 turmas
1093 2201 1179 2293 suas,

135 2348 140 2355 ·
159 2310 221 2386 sed
238 2335 349 2385 tamen
369 2312 495 2385 ibidem
507 2318 676 2413 venientes
690 2315 858 2385 neminem
871 2316 1082 2387 invenerunt.
1119 2319 1178 2390 Fi·

158 2446 353 2524 xeruntque
365 2429 550 2497 tentorium
564 2425 705 2514 ibidem,
717 2433 754 2499 &
767 2423 947 2497 ¹audieruut
961 2427 1087 2501 millam
1099 2431 1178 2502 Ma-
1245 2517 1247 2520 q
1343 2427 1345 2431 ’

157 2535 310 2629 gdalenae
321 2540 451 2610 Rex&
469 2530 669 2635 Episcopus,
688 2558 761 2607 erat
772 2540 866 2607 enim
877 2539 1009 2611 Festum
1023 2538 1178 2636 ejusdem

158 2648 246 2722 diei.
287 2652 447 2745 Dumque
462 2644 666 2720 sacrosansta
682 2646 807 2719 fierent
820 2644 986 2737 solennia,
1001 2657 1039 2724 &
1055 2672 1177 2727 mutuo

159 2760 194 2835 se
210 2758 413 2852 cognoscere
431 2758 562 2859 possent
580 2760 746 2852 homines,
770 2787 813 2834 ex
826 2762 914 2833 clara
926 2762 1000 2833 luce
1015 2764 1177 2839 viderunt

160 2871 266 2945 nostri
282 2871 418 2942 Scottos
435 2876 454 2941 a
473 2872 612 2941 remotis
626 2868 713 2949 bella
731 2871 934 2957 construere,
961 2880 1000 2946 &
1018 2874 1179 2951 ordinare

159 2984 195 3058 se
209 2982 251 3057 ad
263 3007 421 3080 pugnam.
456 2983 654 3054 Statuerunt
668 2984 760 3053 enim
772 2984 881 3054 Scotti
894 3009 1030 3058 omnem
1044 2986 1179 3084 plebem

158 3098 251 3173 suam
269 3122 329 3198 per
347 3118 474 3171 turmas
490 3116 647 3193 quatuor,
673 3100 709 3167 in
729 3094 870 3168 modurn
892 3095 1099 3173 circulorum
1119 3128 1178 3173 ro·

157 3208 357 3297 tundorirm,
379 3212 415 3279 in
433 3232 552 3303 campo
566 3206 667 3297 duro,
691 3211 779 3281 &in
796 3207 901 3280 latere
919 3237 989 3283 uno
1005 3207 1178 3311 cujusdam

156 3313 363 3393 montiscilii
373 3322 467 3416 juxta
482 3319 680 3389 Fasvkirken
713 3322 753 3389 In
768 3318 891 3417 quibus
908 3320 1050 3419 quidem
1067 3327 1177 3400 circu·
1203 3310 1206 3314 ¹

157 3429 203 3505 lis
213 3428 372 3504 sedebant
384 3430 449 3499 viri
462 3426 634 3518 lancearii,
649 3452 731 3499 cum.
740 3427 866 3501 lanceis
880 3427 946 3503 suis
958 3430 1178 3534 obliqualiter

156 3543 292 3616 creetis.
319 3539 504 3635 Conjunbii
519 3538 659 3636 quidem
674 3536 954 3636 unusquisque-ad
969 3543 1125 3635 alterum,
1137 3568 1175 3621 et

157 3649 258 3729 verfis
269 3648 418 3723 vultibus
436 3651 471 3720 in
486 3647 795 3722 circumferentiam
816 3652 1034 3748 circulorum.
1079 3662 1176 3732 Inter

157 3761 305 3839 circulos
323 3760 401 3832 illos
414 3779 508 3831 erant
520 3757 628 3858 spacia
641 3757 793 3854 quaedam
809 3761 1026 3853 intermedia,
1043 3767 1080 3835 in
1097 3770 1176 3867 qui·

157 3878 221 3951 bns
242 3868 469 3944 statuebantur
489 3871 555 3941 viri
581 3866 758 3959 sagittarii.
798 3872 842 3939 Et
859 3872 894 3939 iu
911 3893 1060 3944 extrema
1080 3899 1178 3971 parte
1240 3926 1243 3936 ·

159 3979 344 4063 retrorsum
354 4004 450 4057 erant
459 3980 764 4083 equestreseorum.
788 3978 1172 4073 Cumque,auditamisa

154 4120 1171 4156 '‘h-‘mm

545 4211 796 4295 1Veritate,n
837 4265 843 4273 s

760 4346 841 4419 Xz
1079 4332 1083 4339 Ι
1133 4338 1181 4455 sa,
