3000 5075
179 473 258 528 xxx
376 488 378 493 ι
497 411 1203 558 ΡΜΡΑΉοῃ

150 655 153 659 ’
301 615 530 744 mingfordii
546 633 744 716 historiam
766 632 816 715 ad
836 638 940 716 AD.
955 643 1013 719 M.
1023 634 1243 723 CCCXII.
1257 636 1319 720 de·

297 756 398 838 duci.
446 757 561 869 idque
589 759 710 841 eti'am
730 759 883 866 abipso
907 759 1233 873 Heminglordio.¹
1272 771 1319 879 Β

294 879 448 991 jusdem
479 885 721 966 mentionem
754 883 849 966 facit
882 886 1096 997 Catalogus
1127 885 1320 970 Codicum

302 1012 414 1092 MSS.
424 1007 635 1115 impreffus.
663 1008 884 1090 Certiorem
897 1035 961 1091 me
972 1011 1068 1093 lecit
1080 1037 1151 1118 per
1166 1013 1319 1097 litteras

188 1134 189 1139 ‘
302 1133 486 1237 umerus,
513 1125 835 1217 hocveriffimum
852 1136 941 1216 elle.
995 1136 1207 1246 Paulloque
1232 1137 1321 1246 post

298 1258 491 1365 Codicem
508 1260 632 1368 ipsum
644 1261 696 1344 ad
709 1288 773 1344 me
785 1259 991 1354 transmisit
1004 1264 1318 1373 manuscriptum.
1345 1360 1352 1380 Ι

302 1385 404 1469 Cum
432 1388 585 1469 Bakero
615 1389 719 1473 hunc
746 1390 787 1472 in
814 1391 934 1472 finem
963 1390 1319 1472 communicaverat

302 1513 479 1597 Thomas
503 1515 682 1620 Parnius,
703 1515 765 1596 vir
787 1514 1042 1624 pereruditus,
1071 1514 1227 1624 colleg-ii
1239 1516 1319 1623 jam

277 1624 398 1724 'dieti
423 1644 631 1736 Trinitatis
658 1643 796 1726 socius.
851 1645 948 1755 Qo
981 1638 1144 1722 nomine
1176 1636 1318 1718 Parnio

301 1761 447 1872 gratias
459 1766 623 1847 summas
636 1789 722 1845 cum
739 1764 882 1869 habeo,
897 1783 981 1846 tum
995 1777 1035 1849 &
1049 1790 1139 1874 ago.
1165 1761 1318 1872 Qem·

301 1887 512 1968 admodum
541 1897 580 1969 δι
598 1885 914 1972 Bakerodmiles
933 1906 1063 1997 grates
1091 1878 1317 1967 referendas

107 2103 111 2111 s
300 2010 376 2091 elle
392 2036 543 2093 mecum
561 2007 770 2120 agnosces
801 2016 890 2090 Imo
905 2009 1055 2089 utinam
1071 2007 1316 2116 utriquepro

258 2164 263 2170 ’
301 2146 381 2209 tam
406 2129 578 2213 officiosa
599 2156 695 2241 erga
719 2155 785 2212 me
810 2126 1014 2210 sedulitate
1036 2150 1171 2232 parem
1198 2124 1322 2212 beno*

297 2252 390 2335 ficio
408 2256 576 2364 gratiam
595 2255 766 2336 tribuere
783 2254 942 2362 pollem.
989 2249 1176 2358 Prospere
1201 2279 1246 2334 ac
1262 2251 1337 2368 fes

220 2441 225 2447 -
297 2382 423 2466 liciter
441 2379 635 2493 hucusque
659 2382 794 2466 omnia
810 2381 1087 2490 procellerant.
1127 2382 1314 2488 Qapro-

296 2531 387 2619 pter
398 2513 512 2624 juxta
527 2512 717 2597 Codicem
731 2511 834 2599 hunc
848 2506 1210 2618 cantabrigiensern
1227 2532 1314 2617 pre·
1349 2589 1357 2595 ,

295 2636 337 2717 lo
354 2665 464 2744 paro,
494 2667 581 2748 quae
603 2639 788 2735 omiserat
808 2636 986 2720 Thomas
1004 2634 1149 2715 Galeus
1173 2634 1225 2717 ad
1248 2662 1314 2717 an·

294 2790 388 2848 num
420 2766 540 2873 usque
565 2766 711 2848 sextum
739 2762 910 2849 Eduardi
939 2761 1017 2842 Illi.
1068 2764 1227 2868 Nempe
1251 2788 1314 2867 ea,

128 2904 152 2998 ἰ
293 2886 573 2997 qualiacunque
590 2888 842 2997 linqpropria
854 2886 1033 2970 describo
1047 2913 1178 2968 manu.
1213 2887 1313 2969 Nul-

292 3009 350 3095 lus
366 3028 501 3096 tamen
521 3012 674 3115 dubito,
702 3012 798 3121 quin
815 3011 999 3120 praeclara
1015 3013 1092 3093 elle
1120 3009 1166 3093 fis
1183 3014 1313 3095 existi-

291 3157 480 3243 maturus,
509 3138 888 3251 Hemingfordioque
904 3136 1061 3245 prorsus
1078 3136 1317 3249 digniffima..

124 3354 145 3367 ,
291 3267 348 3346 At
375 3292 449 3349 nec
474 3264 555 3348 'hoc
579 3263 772 3347 duntaxat
792 3264 963 3372 praestiti.
990 3262 1232 3369 =Complura
1249 3264 1333 3351 iti-s

161 3380 171 3390 ’
290 3388 380 3471 dem
398 3393 438 3473 in
453 3417 500 3471 ea
515 3410 641 3498 parte,-
653 3417 771 3499 quam
791 3390 1010 3497 protulerat
1023 3386 1182 3491 Galeas,
1211 3388 1316 3497 ejus:

290 3512 381 3596 dem
391 3514 887 3636 Codiciquntabrigiensrs
901 3510 1068 3595 subsidio
1082 3533 1167 3599 tum
1177 3540 1312 3599 emen·

222 3628 224 3639 ‘
288 3640 377 3722 davi
395 3652 531 3725 tum&
546 3642 742 3744 illustravi,
769 3661 812 3722 ut
828 3640 981 3725 &Notis
995 3640 1036 3721 in
1049 3636 1307 3745 Appendice¹

286 3767 460 3878 colliges.
486 3768 671 3883 ,Fortalse
690 3788 822 3849 autem
842 3766 929 3874 post
944 3793 1089 3847 annum
1107 3774 1166 3847 M.
1184 3766 1307 3854 CCC.

188 3950 211 3973 2
286 3898 383 3978 XlI.
399 3894 550 3996 cundia,
573 3920 660 4002 quae
685 3892 734 3973 de
754 3917 879 4002 regno
892 3888 1065 3972 Eduardi
1082 3896 1133 3971 Il.
1154 3915 1306 3971 memo·

287 4019 355 4100 riae
368 4018 596 4128 prodiderat
613 4017 949 4129 Hemingfordius,
965 4016 1183 4125 perierunt,
1210 4020 1309 4099 For-

725 4176 880 4243 rmlx.
925 4235 927 4239 Α
1060 4188 1063 4192 ’

1209 4263 1306 4345 taffo
