3000 5075
178 455 249 512 clv

488 432 529 532 P
564 432 615 534 R
653 427 730 532 ιι]
764 431 808 566 a
839 417 890 530 Α
919 425 966 530 n
1000 428 1028 546 1.
1062 425 1126 546 ο,

305 614 355 696 de
370 614 573 725 Bagfordii
586 614 627 696 in
640 612 713 697 hac
724 631 836 724 parte
850 611 1041 698 doetrinae
1063 612 1104 722 (fi
1119 609 1241 695 modo
1252 609 1322 694 do·

197 737 201 742 ’
307 743 433 826 &rma
445 741 470 826 l
474 762 491 824 t
504 741 747 852 appellanda)
758 738 963 824 mdustna
953 768 993 823 m
1006 737 1212 848 praesentra
1221 736 1323 821 dice·

308 897 404 951 rem
430 871 562 984 Qam
576 888 683 952 certe
695 885 845 950 tantam
857 893 940 948 rem
952 865 1029 948 effe
1040 864 1223 949 nonnulli
1234 889 1323 949 cen

309 992 479 1097 suerunt,
496 1014 539 1075 ut
553 993 676 1102 ipsum
688 991 784 1073 smt
774 1012 929 1073 rmrtatr
957 998 1005 1073 In
1017 989 1075 1074 hrs
1087 990 1164 1075 furt
1175 1017 1322 1073 amicus

305 1119 436 1200 noster
447 1143 615 1226 nuperus
623 1115 800 1198 Thomas
809 1114 1094 1219 Rawlmsonus,
1107 1142 1213 1227 cujus
1222 1141 1322 1224 perr

304 1248 400 1330 tiam
414 1248 455 1328 in
471 1243 706 1360 supellectile
720 1243 888 1346 libraria,
916 1243 1112 1353 animique
1128 1242 1323 1353 magnitu-

196 1367 211 1376 ”
304 1369 436 1454 dinem
452 1395 570 1453 nemo
583 1367 667 1450 fere
680 1367 880 1449 hominum
896 1365 1137 1449 eruditorum
1150 1394 1320 1477 unquam

306 1493 574 1608 attigit2quod
587 1514 719 1577 tamen
732 1492 795 1573 vix
812 1488 1000 1602 agnoscet
1013 1490 1179 1574 seculum
1194 1492 1323 1606 ingra-

304 1636 401 1702 tum.
441 1621 676 1731 Qanquam
691 1643 774 1696 non
787 1612 940 1730 deluat,
954 1615 1022 1725 qui
1033 1635 1189 1726 putent,
1207 1616 1323 1724 ipsius

305 1743 504 1825 memoriae
518 1745 683 1826 statuam
696 1742 843 1824 deberi.
883 1739 1001 1853 idque
1016 1742 1136 1826 etiam
1152 1740 1203 1824 ad
1220 1741 1324 1827 sum·

306 1890 396 1978 ptus
412 1868 732 1979 Bibliopolarum,
743 1896 911 1980 quorum
922 1867 1127 1954 facultates
1144 1868 1243 1950 mire
1255 1898 1325 1953 au·

305 2016 427 2079 xerat.
464 2024 626 2107 quorum
646 2017 780 2098 tamen
802 1995 922 2108 aliqui
943 2004 1149 2108 (utcunque
1174 1996 1226 2080 de
1248 1999 1325 2083 illis

306 2123 457 2232 optime
476 2123 639 2206 meritus
653 2109 795 2226 fuisset)¹
812 2148 931 2230 quum
949 2119 1137 2204 librorum
1150 2121 1323 2218 Rawlin·
1362 2209 1364 2216 ,

308 2246 394 2329 soni
407 2249 674 2354 audliofieret,
695 2273 770 2357 pro
781 2245 881 2328 virili
900 2244 1162 2355 (clandestino
1177 2253 1324 2357 tamen)

308 2376 553 2482 laborabant,
584 2397 628 2456 ut
657 2374 785 2456 minus
820 2371 1021 2481 auspicato
1048 2371 1324 2470 venderentur.

309 2498 432 2611 Qod
450 2498 625 2584 videntes
643 2495 757 2608 probi
776 2497 941 2608 aliquot,
968 2497 1035 2608 qui
1055 2522 1140 2580 rem
1161 2523 1323 2585 omnem

310 2651 518 2734 noverant,
546 2614 814 2735 clamitabant,
844 2626 1033 2709 dbomines
1047 2624 1230 2735 scelestos!
1265 2629 1325 2711 bas

304 2738 383 2867 jam
399 2773 527 2873 oportet
550 2755 589 2836 in
601 2753 791 2837 cruciatum
813 2750 892 2834 binc
910 2750 1047 2862 abripi!
1092 2749 1215 2863 Qud
1242 2749 1325 2835 haec

309 2900 462 2983 notem,
488 2908 570 2962 non
592 2880 649 2961 est
670 2907 738 2962 cur
760 2879 858 2961 vitio
877 2897 1017 2960 vertas.
1053 2879 1160 2959 Nam
1180 2877 1237 2958 nil
1253 2880 1325 2986 pol

308 3005 392 3089 falli
409 3004 503 3111 dixi,
535 3034 589 3087 mr
578 3004 743 3088 leolor.
789 3006 883 3121 Qo
903 3023 1081 3112 tempore
1097 3004 1194 3084 vixit
1213 3007 1325 3088 Raw·

308 3129 480 3217 linsonus
495 3133 549 3240 (δι
561 3129 718 3239 quldem
731 3156 917 3240 perquam
928 3121 1136 3240 Jueundum
1148 3130 1205 3211 est
1217 3157 1325 3213 com

308 3264 549 3398 memorare)
568 3285 712 3369 magna
733 3271 774 3342 &
803 3255 999 3339 laudabilis
1023 3276 1107 3337 erat
1129 3240 1328 3340 aemulatio

309 3384 420 3468 inter
426 3384 529 3468 viros
545 3384 732 3485 eruditos,
742 3379 912 3493 aliosque
923 3402 1107 3486 et1am‚m
1118 3382 1224 3465 libris
1239 3409 1326 3491 per·

309 3511 507 3626 quirendis
533 3540 578 3596 ac
598 3511 879 3619 comparandis.
917 3512 999 3594 imo
1025 3512 1068 3592 in
1092 3508 1325 3622 fragmentis

309 3666 477 3754 quoque.
520 3638 635 3722 Adeo
646 3658 691 3720 ut
706 3635 917 3744 domicilia,
945 3637 1012 3718 ubi
1031 3638 1185 3719 venales
1204 3637 1245 3719 id
1260 3667 1325 3751 ge·

309 3792 382 3853 aus
395 3790 457 3846 res
468 3760 646 3873 pretiosae
660 3756 899 3870 prostabant,
916 3761 1118 3844 hominum
1129 3780 1241 3846 coetu
1250 3765 1327 3847 fre·

309 3889 447 4006 quenti
466 3891 617 3998 semper
641 3888 946 3996 complerentur,
972 3889 1014 3970 in
1032 3915 1217 4000 magnum
1235 3914 1324 3998 pro·

309 4019 419 4101 fedlo
435 4014 685 4099 commodum
701 4041 851 4119 eorum,
875 4013 926 4097 ad
944 4042 1040 4125 quos
1058 4015 1145 4097 libri
1163 4013 1325 4125 aliaeque

312 4173 374 4232 res
404 4143 480 4229 illae
507 4142 770 4254 pertinebant.
819 4144 964 4254 quippe
989 4139 1096 4255 quod
1126 4158 1326 4250 emptores

1241 4264 1337 4376 par·'
