3000 5075
206 488 262 567 40
483 446 748 535 Wnt'rm
793 449 1173 533 Hrutttorouo

181 627 226 694 A
244 625 290 692 D
320 554 672 697 cultatetranfierlrnt,
685 604 1377 681 nunciantestaliamarinariisdePor·

188 726 281 793 1293·
321 712 425 803 tibus,
450 737 490 787 et
502 739 621 787 eorum
635 713 761 788 auxilia
776 713 1006 814 exposcentes,
1030 739 1095 789 nec
1111 717 1210 787 furor
1226 712 1330 815 perso

320 825 504 920 queucium
527 823 576 893 ita
592 825 774 921 requievit,
801 820 1144 914 sed,atsociatise1s
1171 817 1332 916 pluribus,

224 922 230 931 ’
320 960 419 1008 naves
430 932 652 1024 Anglrcanas
642 958 677 1004 ro
693 957 778 1004 mart
768 931 1004 1033 quaesierunt
1043 937 1086 1005 Et
1097 929 1246 1005 cumdre
1256 955 1332 1029 qua-

320 1041 399 1115 dam
416 1041 472 1114 sex
489 1040 688 1132 Anglicanas
706 1066 802 1114 naves
816 1041 952 1116 obviam
971 1038 1179 1134 habuiffent,
1203 1037 1333 1116 easdem

279 1186 283 1195 ¹
320 1152 490 1224 hostiliter
504 1151 652 1242 aggreffi,
677 1149 759 1224 duas
775 1179 818 1226 ex
834 1152 911 1253 ipfis
928 1157 1093 1227 continuo
1108 1173 1336 1251 peremerunt,

320 1259 558 1359 suspendentes
584 1261 739 1332 homines
757 1285 832 1333 cum
852 1262 989 1337 canibus
1009 1260 1053 1337 ad
1070 1261 1187 1334 trabes
1202 1262 1333 1334 navium

322 1371 467 1462 suarum,
491 1394 526 1444 et
542 1370 586 1444 fic
607 1398 666 1471 per
680 1398 771 1444 mare
788 1377 995 1468 navigantes,
1018 1376 1150 1449 nullam
1167 1371 1336 1447 faciebant

319 1481 552 1557 differentiam
564 1486 655 1554 inter
665 1508 783 1556 canem
797 1504 833 1555 et
844 1484 1036 1576 Anglicum.
1062 1485 1249 1580 Quacum
1261 1487 1335 1556 Ma·

321 1595 458 1667 rinariis
473 1591 519 1664 de
532 1591 711 1681 Portubus,
735 1594 856 1664 ceteris
873 1589 1097 1685 fugientibus,
1123 1592 1333 1688 dicerentur,

322 1730 405 1777 mox
423 1701 645 1795 ¹conglebati‚
659 1720 707 1791 et,
718 1705 753 1773 in
766 1703 854 1772 tanti
867 1701 1043 1799 obprobrii
1054 1699 1260 1793 vindidam,
1273 1699 1336 1773 fre-

323 1810 450 1887 mendo
466 1809 621 1894 animati,
633 1807 738 1878 hostes
751 1828 883 1879 ceteros
897 1805 1112 1904 quaefierunt,
1124 1827 1162 1878 et
1175 1805 1257 1879 cum
1271 1831 1336 1879 nou

320 1920 511 1991 invenirent
524 1915 568 1987 ad
584 1938 713 2004 votum,
729 1915 861 2008 ingresli
874 1912 949 1989 sunt
963 1938 1123 2017 potenter
1134 1920 1285 1992 Portum
1296 1916 1336 1990 de

321 2028 435 2125 Swyn‚
460 2049 498 2098 ut
515 2053 558 2099 ex
577 2024 723 2098 hostibus
739 2027 804 2100 suis
824 2024 1007 2100 vindiciam
1023 2038 1244 2126 expeterent.
1282 2022 1335 2099 ubi

322 2134 511 2208 interfectis
521 2133 705 2229 aliquibus,
717 2157 752 2207 et
766 2132 967 2235 quibusdam
980 2134 1173 2229 submerfis,
1188 2135 1246 2209 sex
1262 2132 1336 2209 inde

323 2269 422 2317 naves
436 2264 594 2340 potenter
607 2241 833 2334 adduxerunt,
847 2265 883 2317 et
896 2267 1033 2319 extunc
1049 2246 1132 2318 hinc
1148 2244 1236 2318 inde
1248 2270 1336 2319 vaca·

320 2353 402 2427 bant
421 2353 702 2445 congressionibus
720 2358 859 2446 mutuis,
887 2358 1063 2454 utrimque
1080 2352 1337 2449 sanguinemfi-

287 2533 290 2539 .
321 2468 450 2538 cientes
467 2489 544 2535 eum
564 2462 745 2557 naufragiis
762 2486 796 2538 et
809 2469 950 2565 rapinis.
992 2469 1154 2566 Cumque
1173 2473 1270 2544 inter
1283 2492 1336 2544 eos

201 2577 205 2587 '
237 2579 241 2588 '
321 2578 403 2652 talia
422 2578 527 2670 longo
543 2580 727 2650 certamine
743 2601 950 2669 gererentur,
977 2579 1076 2652 millis
1094 2573 1335 2678 internunciis,

267 2754 270 2763 .
321 2690 450 2790 placuit
465 2691 604 2764 taudem
627 2689 777 2788 partibus
793 2713 889 2762 certo
903 2690 963 2763 die
979 2692 1145 2785 congredi
1164 2721 1247 2769 cum
1265 2716 1335 2768 toto

321 2804 513 2890 conamine,
540 2799 669 2874 scilicet
683 2821 806 2899 quarto
824 2800 959 2874 decimo
974 2801 1032 2874 die
1046 2804 1195 2899 Aprilis,
1225 2806 1336 2884 fixolr

319 2916 493 3001 brunnam
514 2912 606 3012 quafi
623 2918 658 2985 in
676 2912 791 2985 medio
805 2917 889 2987 mari
904 2917 995 2985 inter
1012 2916 1175 3008 Angliam
1193 2939 1230 2990 et
1246 2923 1337 2993 Not·

322 3017 502 3103 manniam.
545 3024 595 3097 ibi
612 3028 714 3115 enim,
728 3051 772 3099 ex
784 3030 956 3098 communi
973 3026 1115 3118 affenlu,
1130 3032 1336 3104 anchorave·

319 3159 396 3212 rant
410 3162 527 3210 navem
544 3134 767 3235 pergrandem
780 3157 814 3207 et
826 3162 974 3228 vacuam,
986 3142 1020 3210 in
1034 3137 1170 3231 fignum
1182 3136 1335 3236 ‘congres-

320 3248 423 3323 sronis
440 3244 616 3321 facienda.
652 3249 796 3316 interim
811 3271 893 3319 vero
910 3246 1046 3337 Anglici
1059 3245 1280 3326 sociaverunt
1294 3250 1335 3321 eis

319 3355 529 3429 Hibernicos
543 3378 578 3427 et
591 3354 838 3452 Hoylandicos.
878 3360 1075 3429 Normanni
1090 3383 1176 3432 vero
1189 3360 1334 3435 adduxe·

319 3483 400 3538 tunt
411 3461 473 3533 fibi
486 3465 645 3549 Francos,
656 3458 886 3551 flandrenses,
900 3483 935 3535 et
946 3465 1156 3539 Marinarios
1170 3468 1219 3541 de
1230 3473 1331 3544 Gene.

321 3574 531 3649 Adveniente
540 3570 677 3643 demum
688 3569 758 3659 die,
768 3595 996 3645 convenerunt
1005 3574 1140 3647 ibidem
1154 3580 1260 3651 armis
1270 3575 1333 3650 bel·

318 3685 394 3756 licis
406 3680 609 3755 sufficienter
624 3679 786 3772 instruffi,
803 3705 837 3753 et
852 3682 935 3756 ficut
952 3688 987 3756 in
1002 3688 1051 3756 eis
1065 3685 1181 3758 fuerat
1195 3684 1333 3786 dispari·

318 3816 369 3884 tas
385 3798 584 3881 animorum,
605 3791 699 3865 ficet
716 3791 840 3865 eodem
855 3791 912 3863 die
926 3796 1075 3885 contigit
1092 3800 1247 3869 maxima
1264 3799 1333 3866 inat·

317 3905 462 4001 qualitas
475 3901 731 3991 elementorum,
754 3904 841 3974 nivis
856 3898 988 3974 scilicet
1000 3924 1036 3974 et
1053 3904 1250 3995 grandinis,
1261 3927 1332 3977 ven·

317 4015 415 4109 tique
430 4011 630 4100 validissimi,
650 4001 914 4111 consertumque
926 4013 971 4083 est
985 4037 1085 4106 grave
1103 4012 1273 4116 proel'ium
1287 4016 1333 4086 iu·

357 4233 373 4296 r
388 4221 426 4278 L.
428 4218 612 4299 conglobati
619 4215 818 4292 mmmm).
809 4240 883 4305 qvo
889 4216 970 4282 modo
978 4218 1065 4283 ettam
1076 4218 1275 4284 emendatur
1261 4221 1330 4284 mo.

1286 4318 1331 4369 ter
