3000 5075
141 511 148 527 ·
279 488 1040 566 H1s'roR1AEnvssn1·Pmon1.
1139 561 1144 570 ,
1220 515 1293 588 1⁷3

151 637 220 708 bere
232 637 419 729 presentiam
433 661 488 708 nore
501 662 538 707 ex
552 636 648 705 debito
649 635 709 724 seb
722 659 760 705 ex
766 640 876 726 gratia
890 639 1073 706 intendebas
1117 638 1164 706 Et
1198 659 1239 721 Α
1257 658 1302 723 D,

150 771 221 817 cum
237 752 332 817 etiam
346 769 401 816 reor
419 739 545 834 ipseper
563 744 699 840 Y'yndabe
716 742 755 816 (φ
771 748 969 831 Pertretb,tn
990 768 1080 835 regno
1097 742 1165 836 'suu
1202 759 1281 822 ¹300

152 857 272 952 Angdia
285 854 393 950 positis,
413 850 447 943 se
464 852 505 921 ad
519 870 605 924 tuam
621 852 806 945 presentiam
815 852 1013 944 personaliter
1025 853 1165 944 contulis-

102 966 210 1060 '‚ses
237 967 279 1033 rib
280 988 292 1032 c
284 963 485 1056 fidelitatem
497 958 628 1030 debitam
642 960 835 1053 impensurus,
849 963 974 1052 quadan
981 960 1170 1055 prestatione

145 1076 307 1170 fidelitatis
323 1068 499 1160 hujusmodi,
522 1071 623 1139 multis
637 1070 840 1161 presentibus,
865 1074 936 1143 rita
952 1074 1032 1143 uocis
1045 1074 1166 1143 oracnbo

147 1185 269 1277 publice
284 1183 464 1266 declararit,
476 1179 554 1269 qnod
561 1198 616 1269 pro
630 1186 716 1273 terris
725 1177 907 1274 ciftiemfttis
923 1199 1043 1253 tanturn
1055 1185 1165 1254 bnAo·

145 1292 217 1381 glia
244 1275 336 1356 ²n'obt
351 1309 405 1353 rex
423 1287 543 1371 Scoeia,
564 1307 660 1375 neuere
671 1301 727 1372 pro
744 1288 913 1356 Scottorum
926 1307 1015 1376 regno
1032 1286 1092 1378 ipse
1109 1285 1165 1356 tibi
1200 1340 1205 1348 .

143 1401 329 1494 fidelitatem
337 1393 470 1489 prusiam
479 1391 535 1485 seu
549 1391 657 1483 secere
670 1397 866 1487 aliquatenus
877 1420 934 1466 non
948 1397 1084 1486 debebat,
1112 1415 1164 1467 ut-

104 1547 106 1551 ·
149 1531 223 1604 pete
241 1512 296 1580 tibi
305 1511 426 1600 penitus
439 1530 495 1577 non
502 1504 662 1600 subicibru5
683 1523 775 1603 tuque
781 1507 825 1601 fic
838 1512 972 1581 oblatam
979 1509 1164 1603 fidelitatem

155 1618 288 1687 debitam
302 1609 450 1707 admifubi.
499 1613 532 1681 A
545 1629 599 1680 tna
613 1634 729 1703 quoque
742 1614 875 1685 creditur
887 1637 943 1685 nun
955 1614 1090 1706 cxcibbffe
1102 1640 1166 1687 rne-

154 1729 264 1811 moria,
289 1726 435 1815 qualiter,
460 1722 643 1812 eodemrege
657 1718 892 1812 Seoeiesubbato
907 1722 1063 1807 demedio,
1088 1745 1165 1812 qna-

156 1838 227 1906 dam
238 1816 428 1925 Marpareta
440 1834 543 1923 puelia
559 1850 650 1922 nepta
664 1850 730 1919 tua,
755 1850 826 1904 tunc
842 1835 965 1905 minoris
981 1836 1091 1917 eratis,
1113 1835 1166 1904 be·

154 1946 224 2015 rebe
233 1945 290 2041 fibi
301 1947 422 2031 redibit,
437 1965 492 2012 non
509 1940 550 2016 ad
562 1959 606 2030 re,
623 1944 707 2012 reboet
719 1942 760 2010 ad
770 1943 922 2028 dominum
932 1964 1044 2033 regen,
1056 1960 1166 2032 perre-

154 2061 203 2126 nit
220 2054 349 2152 custodia
365 2072 543 2148 memorata,
564 2051 621 2145 sed
635 2053 713 2123 certi
727 2049 856 2144 ejusdem
872 2056 957 2144 regni
968 2037 1104 2144 proceres
1124 2053 1168 2123 ad

155 2169 218 2251 ejcus
233 2165 318 2233 eiebii
330 2160 488 2255 eubodicm
498 2164 676 2247 extiterunt,
691 2162 824 2254 qnodque
831 2159 1009 2255 possrnobum
1020 2157 1166 2256 dispensa-

155 2278 236 2344 tione
251 2271 290 2340 ab
303 2267 457 2363 apostocica
464 2266 586 2361 sedeb
553 2293 568 2336 e
587 2286 673 2338 tenta
681 2265 771 2360 super
786 2271 977 2340 matrimonio
990 2269 1167 2346 contraben-

107 2410 115 2417 ·
155 2384 223 2452 do
210 2398 293 2451 mter
312 2380 451 2456 diieiiunt
463 2379 563 2471 fidium
584 2378 709 2447 nobilem
730 2381 827 2448 uirum
848 2379 1044 2454 Edwardum
1060 2395 1167 2459 narum

154 2508 242 2565 tuum
262 2486 302 2563 (r
316 2489 534 2579 Margareram
544 2485 715 2578 prodibam
731 2489 808 2561 dum
816 2484 930 2568 vireret
931 2488 977 2585 ,fi
995 2489 1082 2559 adid
1092 2508 1166 2580 pro·

155 2626 260 2674 cerum
273 2598 610 2689 denominarent
625 2584 673 2668 reb
684 2597 843 2667 baberetur
852 2596 984 2687 affenpus,
1009 2616 1044 2668 tu
1058 2595 1166 2689 eisdem

111 2717 115 2722 ’
150 2711 322 2805 proceribus
336 2725 393 2799 per
408 2723 463 2775 tna
479 2704 595 2798 scripta
612 2703 717 2806 cariffc
733 2702 898 2796 dinosceris,
915 2704 1090 2799 priusquam
1103 2708 1166 2776 rei·

155 2824 222 2912 dent
244 2820 316 2904 buju
330 2814 407 2887 modi
425 2816 613 2885 matrimonio
637 2812 812 2906 consentire,
835 2814 913 2906 qnod
930 2838 1052 2906 regnum
1074 2814 1189 2907 ipfieen'
1232 2861 1252 2874 .

150 2932 273 3024 penitus
288 2927 425 3010 liberum,
453 2926 586 3015 nuliique
594 2921 768 3014 subjcbium,
776 2921 834 3012 seu
851 2922 1032 3015 quovismodo
1039 2922 1166 3016 fiebmis·

148 3040 219 3133 firm
232 3041 447 3132 imperpetuum
461 3049 642 3121 remaneret,
658 3032 790 3126 quodque
806 3035 837 3101 in
844 3031 1000 3125 pristinum
1006 3033 1061 3128 suu
1070 3041 1164 3108 tabem

148 3153 264 3249 datum
278 3149 479 3242 restitueretur
491 3147 615 3229 omnino,
626 3143 654 3237 β
666 3169 704 3213 cx
720 3141 881 3237 hujusmodi
895 3150 1082 3226 matrimonio
1095 3171 1164 3226 con·

124 3305 131 3324 ·
150 3263 302 3337 trabendo
317 3259 421 3329 biberos
437 3280 494 3326 non
514 3274 622 3326 extare
637 3258 833 3347 contingeret,
858 3281 896 3327 aa
911 3280 1015 3329 nornen
1030 3277 1063 3330 et
1076 3262 1165 3331 nono-

156 3386 223 3447 r'em
239 3369 278 3445 (r
285 3377 337 3458 jus
349 3373 466 3461 pariter
480 3373 635 3453 retineret,
652 3387 718 3439 tam
733 3371 769 3438 in
778 3366 905 3464 suisfibi
914 3367 1074 3461 servandis
1087 3376 1165 3465 begi-

157 3487 212 3557 bus
224 3478 262 3556 b
274 3482 466 3575 proficiendis
487 3479 655 3568 officidibus
674 3481 744 3550 dicii
759 3484 860 3571 regni,·
877 3505 968 3572 quam
978 3486 1167 3573 parliamen·
1251 3561 1254 3571 ,

158 3600 199 3666 tis
216 3597 362 3679 tenendis,
379 3594 411 3662 in
426 3593 591 3670 tradendis
610 3591 701 3685 confir
714 3594 746 3661 in
761 3590 831 3684 ipso,
849 3590 887 3665 Θ
904 3599 994 3665 nuliis
1009 3599 1073 3682 ejus
1086 3597 1180 3667 inco-'

159 3713 307 3779 licentra
324 3706 396 3776 ibud
408 3706 604 3790 adjudicium
617 3707 787 3791 morandis,
803 3724 835 3776 er
847 3710 926 3798 quod
937 3712 969 3776 in
981 3712 1044 3779 tuis
1054 3727 1167 3801 paten-

160 3819 241 3888 tibus
255 3819 365 3901 diteris,
381 3816 448 3884 inde
465 3811 616 3904 compedis,
631 3816 688 3882 bac
701 3815 818 3905 plenius
834 3832 866 3882 et
877 3810 1012 3910 seriebus
1026 3820 1167 3890 contineri

160 3927 332 4021 rabuntur.
358 3922 489 4017 Profata
503 3922 617 4015 inserper
627 3924 813 4015 Margareta
826 3926 863 3995 de
873 3926 1011 4021 prasenti
1024 3928 1173 4023 lucescub-'

162 4048 273 4126 nana,
287 4034 324 4110 (r
334 4039 456 4108 tandem
465 4033 554 4127 saper
560 4032 733 4129 succeffione
745 4039 816 4108 diiii
827 4042 910 4147 regni
923 4043 1090 4114 Scottorum
1094 4043 1166 4137 subg
1272 4042 1282 4076 x

254 4236 320 4294 11².
337 4244 403 4292 tuo.
445 4227 523 4295 21d
535 4227 586 4313 est,
602 4245 667 4314 non
681 4241 726 4294 ut.
763 4226 956 4311 conjecerunt,
969 4230 1071 4293 vovit.

663 4327 667 4336 “
1103 4332 1170 4400 ortu
