3000 5075
180 451 300 514 xxxvl

512 382 1212 534 PRAEFnrro*

323 604 425 691 riusa
458 605 679 718 diligentia,
705 613 772 721 qui
798 614 946 696 multoe
973 614 1141 698 Codices
1170 583 1337 703 vetustos

323 746 632 819 coacervaverat.

262 947 264 950 Α
292 899 294 906 ’
377 864 500 948 §.XV.
527 863 626 940 Non
638 858 800 941 deerunt
820 859 978 943 fortasse
1003 862 1071 968 qui
1088 878 1244 966 putent,
1260 852 1339 940 'noa

323 1009 406 1063 non
418 1001 569 1065 tantum
580 982 810 1089 descripfiffe
825 984 972 1073 dietum
987 983 1185 1089 exemplar
1198 985 1343 1074 Canta

324 1103 518 1214 brigiense
535 1109 648 1217 hujus
663 1110 853 1191 Chronici
868 1109 917 1193 de
934 1109 1049 1191 rebus
1067 1109 1180 1218 gestis
1194 1107 1348 1219 Edvarf

323 1233 366 1341 di
386 1243 458 1316 ΙΙΙ.
479 1248 618 1343 utpote
636 1239 883 1319 Cotroniano
906 1233 1032 1316 multo
1051 1234 1245 1337 fincerius‚
1275 1232 1343 1323 sed

325 1357 555 1469 &ejusdem
575 1363 717 1470 ubique
735 1360 901 1469 vestigiis
920 1358 1103 1441 institisse.
1160 1357 1238 1440 Sed
1262 1385 1343 1447 non

323 1485 381 1581 ita
396 1487 462 1573 est.
492 1489 606 1598 Sequi
619 1490 765 1598 placuit
780 1489 883 1574 aliud
898 1489 1016 1597 longe
1031 1485 1226 1569 vetustius.
1267 1484 1342 1575 Nl,

326 1611 468 1695 mirum
483 1611 591 1719 illud,
601 1613 708 1723 quod
723 1616 765 1701 in
775 1613 1017 1697 bibliotheca
1032 1608 1253 1698 adservatur
1265 1610 1345 1719 eol*

324 1733 418 1848 legii
434 1739 741 1851 Magdalenensrs
757 1741 942 1825 Oxoniae:
984 1745 1036 1820 Et
1053 1736 1146 1825 mihi
1165 1732 1342 1844 ignosces

325 1863 523 1972 proferro,
542 1867 570 1951 si
585 1866 724 1969 dicam,
737 1893 801 1953 me
814 1865 887 1954 hac
901 1867 941 1948 in
957 1885 1067 1972 parte
1084 1864 1188 1950 reste
1200 1861 1343 1962 fecisse.

324 1994 533 2099 Exemplar
551 1997 698 2080 etenim
719 1992 1013 2099 auctoriaipsrus
1037 2008 1194 2081 aetatem
1217 2016 1343 2096 prope
1370 2054 1374 2060 a

323 2117 520 2226 attingere
532 2121 720 2205 existimo.
748 2121 1020 2232 Qamobrem
1037 2146 1109 2213 uec
1120 2114 1260 2199 frustra
1270 2116 1367 2207 doe·

326 2234 727 2337 &lffimus'Tannerus
743 2247 924 2351 opinatus
938 2246 1007 2346 est,
1023 2244 1106 2327 aliis
1119 2244 1342 2332 anteferen-

317 2364 416 2472 dum
436 2366 523 2449 effe.
560 2368 685 2453 Unde
699 2381 738 2452 &
754 2370 858 2451 suum
872 2371 914 2451 in
928 2369 1033 2450 ulum
1049 2370 1168 2449 etiam
1181 2367 1345 2459 exscribi

326 2490 486 2574 curavit.
530 2493 675 2601 quippe
693 2496 758 2604 qui
770 2495 954 2582 volumen
972 2494 1169 2603 quoddam
1189 2493 1340 2611 hisloni-

324 2618 1064 2721 corumnostrorumveterummondum
1078 2620 1178 2724 typis
1190 2618 1341 2727 expres-

323 2737 466 2844 sorum,
496 2743 676 2854 evulgare
703 2743 900 2831 inanimo
928 2742 1251 2832 olimslrabuerat,
1298 2767 1340 2834 ar

324 2890 406 2971 quo
417 2867 542 2947 minus
555 2865 972 2972 ederet‚impedierunt
983 2865 1055 2950 alia
1069 2867 1243 2975 negotia,
1261 2874 1338 2957 Sae-

323 3016 374 3094 pe
391 3018 467 3102 ego
482 2992 554 3082 hac
568 2991 617 3073 de
636 3019 676 3077 re
691 2995 920 3081 Tannetum
935 2991 1180 3077 disserentem
1197 2994 1337 3082 audivi.

324 3117 520 3222 quiddico
530 3120 654 3225 saepe?
668 3118 790 3208 immo
801 3145 1099 3226 nonnunquam:
1119 3118 1220 3227 saepe
1232 3123 1338 3206 enim

325 3246 394 3351 qul
407 3247 530 3351 potui,
541 3246 607 3355 qui
619 3273 688 3350 per
704 3248 910 3330 maximam
924 3246 1013 3325 vitae
1026 3266 1177 3351 partem
1194 3276 1338 3357 magna

324 3376 346 3451 ὲ
365 3365 554 3456 Tannero
574 3371 755 3457 distantia
770 3373 976 3481 degerim?
1004 3371 1069 3453 sed
1087 3400 1137 3452 ne
1153 3373 1336 3481 incassum

323 3496 498 3579 laborem
528 3496 724 3604 suscepisse
743 3501 951 3579 Tannerus
970 3496 1179 3599 videretur,
1206 3502 1339 3584 nobis·

257 3665 261 3680 ·
323 3649 410 3704 cum
431 3622 694 3731 apographum
715 3621 992 3703 communicari
1011 3620 1165 3704 voluitss
1187 3620 1230 3701 in
1255 3654 1338 3733 quo

323 3772 455 3831 tamen
484 3749 605 3830 multa
629 3742 843 3858 neema&
861 3750 935 3829 effe
959 3748 1062 3828 illico
1087 3771 1333 3853 compertum

322 3864 452 3955 habui
492 3878 547 3957 uti
562 3876 679 3956 etiam
694 3874 796 3955 haud
807 3904 947 3982 paucas
960 3874 1190 3956 omissiones.
1230 3869 1334 3989 Qa

321 4003 453 4081 omnia
471 4023 511 4081 nt
526 4003 749 4081 sanarentur
763 4004 907 4105 pariter
926 4022 1044 4109 atque
1060 4003 1333 4109 supplerentur

321 4117 482 4232 operam
500 4125 796 4238 deditJoannes
818 4125 1049 4230 Lovedaius,
1068 4125 1224 4233 juvenis
1246 4126 1333 4210 dili-

579 4273 585 4281 ‘
1109 4317 1111 4319 v
1233 4275 1333 4369 gens
