3000 5075
182 676 436 794 cognoscitur
445 684 497 762 'ex
510 680 691 780 omnibus
704 676 785 791 eju's
796 681 1024 765 actionibus.
1052 681 1203 766 Enthu·

184 805 302 890 liast'ae
315 803 566 889 uanitatem·
583 796 628 892 ac
644 806 877 917 religionem
896 836 976 916 prae
997 809 1036 892 se
1054 808 1203 915 ferunt,

183 929 278 1015 dum
294 917 430 1014 tamen
450 932 562 1014 ineo
579 931 746 1013 maxime
770 954 925 1039 ponunt
948 932 1129 1037 studium,
1157 958 1204 1016 ut

176 1057 316 1141 omnia
328 1059 623 1168 perturbentur,
646 1056 865 1169 religioque
879 1059 999 1141 etiam
1013 1061 1093 1168 ipsa
1105 1057 1204 1141 sum·

176 1210 243 1268 ma
253 1184 373 1268 adeat
384 1184 566 1294 pericula.
595 1182 748 1266 Idcirco
758 1183 965 1270 observare
978 1185 1047 1292 est,
1063 1203 1104 1267 et
1116 1210 1204 1293 per·-

177 1310 366 1397 duellium
381 1298 590 1422 principes,
603 1310 837 1397 cuicuimodi
850 1315 985 1420 effent,
1005 1311 1204 1425 nunquam

178 1462 265 1549 non
283 1435 395 1520 fuiffe
409 1434 671 1520 enthusiastasss
714 1425 936 1547 quanquam
956 1465 1037 1518 non
1050 1434 1133 1520 haec
1147 1439 1205 1520 ita

181 1562 312 1644 st‘atuo
329 1560 572 1666 acdecerno,
600 1581 645 1641 ut
658 1581 810 1666 putem,
838 1588 975 1643 omnes
991 1561 1204 1644 sententias

180 1684 269 1785 suas
278 1677 561 1794 enthufiasticas
571 1684 699 1794 palam
710 1682 1087 1772 docuisseNonnulli
1097 1687 1205 1768 enim

178 1809 605 1919 tanta'p'raediti'erant
627 1812 842 1892 communis
860 1809 1076 1919 pmdentiae
1097 1822 1204 1923 (quae

173 1934 254 2021 -usu
277 1937 416 2051 magia,
443 1960 560 2049 quam
577 1937 782 2045 praeceptis
801 1941 981 2044 paratur)
995 1934 1204 2049 facultate,

181 2082 228 2175 ut
242 2084 358 2146 caute
373 2063 590 2172 callideque·
606 2062 782 2162 celatim,
806 2059 1047 2167 donecsatis
1061 2075 1205 2172 oppor-

181 2173 324 2272 tunum
345 2187 421 2269 elle
438 2183 634 2292 viderent,
660 2207 796 2294 aperte
816 2188 1024 2270 enunciare
1050 2217 1096 2272 ac
1113 2220 1206 2300 pro·

183 2313 293 2419 dere,
316 2311 408 2423 quid
429 2311 530 2422 apud
545 2310 585 2394 se
603 2310 897 2418 concepiffent
924 2297 1056 2421 Qam
1072 2333 1208 2400 tamen

185 2436 456 2549 prudentum
446 2464 488 2518 m
483 2439 610 2519 Duce
627 2461 776 2545 nupero
787 2435 1102 2520 Monemuthens
1090 2445 1208 2552 1(qui,

186 2561 286 2673 quid
302 2561 538 2672 quandoque
554 2561 696 2644 deceat
714 2539 858 2664 facere,
886 2559 1081 2645 nesciviffe
1098 2567 1209 2652 vide·

187 2692 268 2797 tur)
284 2687 406 2795 longe
422 2684 691 2767 defiderabant
707 2684 820 2766 amici
835 2686 930 2824 ejus,
960 2714 1076 2800 quem
1092 2691 1209 2798 plane

1232 518 1336 589 cxnt
1365 556 1368 562 ·

191 2808 464 2894 enthuliastam
484 2807 592 2892 fuilse
617 2809 817 2890 fatebatur
842 2811 961 2892 etiam
980 2815 1210 2904 Guilielmus
1261 2919 1263 2924 Ι

192 2935 392 3040 Lloydius,
422 2933 624 3072 episcopus
647 2955 739 3016 tunc
759 2937 949 3043 temporis
968 2938 1209 3046 Asaphenlis.

190 3059 269 3145 Sed
288 3087 342 3142 ne
360 3041 472 3141 nobis
485 3059 654 3140 animum
667 3053 827 3140 inducas
842 3086 924 3140 non
939 3059 1115 3166 credere,
1125 3067 1211 3173 epi·

190 3175 344 3281 stolam,
359 3177 438 3261 huc
445 3181 941 3287 pertinentem,Lloyd11m
952 3184 1207 3291 Appendrce
1295 3181 1297 3186 ’

194 3304 401 3408 emittam,
417 3303 467 3386 ad
480 3299 735 3388 doctissimum
753 3302 1102 3418 sanctiflimumque
1123 3311 1211 3394 Fel-

193 3424 287 3528 lum,
314 3425 539 3545 episcopum
558 3431 840 3534 Oxoniensem,
868 3433 1177 3540 scriptamu
1109 3438 1211 3547 Qae
1338 3432 1341 3443 ’

194 3549 352 3659 quidem
374 3540 538 3659 epistola
563 3551 634 3633 tibi
664 3553 864 3635 revocabit
888 3556 1149 3662 proculdubio
1168 3537 1242 3656 inf

199 3680 428 3762 memoriam
449 3680 669 3762 orationem
687 3683 792 3762 illam
811 3680 862 3762 cl
879 3683 1069 3789 Spenseri,
1096 3709 1212 3792 quam

195 3829 324 3915 ¹nuper
337 3804 443 3887 edidi
463 3804 512 3887 ad
523 3805 691 3925 Thomae
706 3806 795 3892 Caii
814 3805 961 3887 nostri
952 3805 1120 3907 mitium,
1134 3830 1213 3886 me·

198 3957 282 4013 cum
307 3933 633 4013 communicatam
660 3932 710 4012 ab
741 3928 965 4013 amiciffimo
991 3929 1075 4014 viro
1095 3929 1238 4028 Beauss·

200 4066 293 4165 prou
304 4062 416 4144 Bello
430 4042 758 4171 Cantabrigiensr,
781 4060 848 4167 qui
862 4056 965 4139 adeo
981 4056 1087 4138 favet
1098 4084 1216 4139 cona·

618 4271 634 4315 1
656 4256 699 4317 Ν.
715 4246 808 4315 ΧΙΙΙ.

252 4321 341 4417 vot.
355 4321 393 4412 1.'
756 4354 784 4438 p
823 4340 850 4462 ᾗ·
1114 4326 1228 4409 tibus
