3000 5075
302 437 358 544 '30
578 441 843 529 wrm-nu
882 450 1271 531 thmouon'n

264 604 311 671 A.
327 607 372 671 D.
406 597 519 695 paruit
535 596 631 671 heres
648 605 837 699 proximior
854 600 1004 699 puellula
1020 600 1093 691 illa,
1116 599 1194 673 filia
1211 600 1325 692 Regis
1336 599 1407 699 Nor·¹

274 704 367 770 ¹²9¹·
407 736 493 806 way,
507 734 609 807 quam
625 740 668 785 ex
682 721 802 786 Uxore
820 713 888 803 sua,
902 714 974 786 filia
993 704 1148 812 praedioli
1159 717 1277 807 Regis
1294 712 1407 802 Scocia¹

408 823 598 913 procreavit
623 819 737 893 solam.
782 828 912 897 Verum
936 824 1016 918 quia
1037 841 1140 918 nepta
1170 820 1271 894 ¹finu
1296 838 1407 911 cognata

406 950 480 1000 erat
496 933 602 1021 Regis
622 930 793 1023 Edwardi,
812 932 975 1004 miserunt
993 930 1037 1002 ad
1057 933 1191 1004 eumin
1211 928 1407 1017 Vasconian

405 1064 448 1110 eo
463 1040 557 1137 quod
574 1064 654 1114 tunc
673 1044 836 1138 temporis
852 1067 981 1114 moram
1001 1042 1132 1117 ibidem
1150 1041 1308 1117 faciebat
1330 1044 1407 1115 trien

403 1150 529 1241 nalem,
544 1158 722 1242 Magnates
732 1153 845 1243 Regni
858 1152 998 1239 Scociae,
1011 1150 1317 1255 ipfiusrconfilium
1331 1170 1407 1249 atqu

404 1256 554 1332 favorem
567 1283 777 1360 expetentes.
814 1260 900 1350 Qi,
913 1256 1151 1332 succeffionem
1164 1263 1288 1352 Regni
1305 1260 1407 1333 Scoeia

403 1370 571 1467 praedidlae
586 1374 742 1471 puellula
758 1375 914 1472 pronepti
931 1370 995 1444 suae
1009 1373 1086 1468 jure
1101 1370 1324 1445 hereditario
1337 1366 1407 1443 cour*

402 1503 518 1582 petere
535 1484 664 1576 videns,
680 1484 900 1558 admonendo
917 1482 1098 1575 consuluit,
1122 1503 1161 1554 ut
1176 1482 1224 1555 de
1243 1482 1407 1589 nobiliori·

403 1594 465 1668 bus
487 1618 522 1669 et
540 1596 803 1696 sapientioribus
821 1621 918 1669 rerrae
935 1594 1027 1669 illius
1043 1593 1260 1685 eligerentur
1278 1613 1407 1692 quatuor

404 1709 581 1801 Custodes,
606 1715 664 1809 qui
686 1711 848 1785 summam
867 1735 984 1809 pacem
1005 1729 1042 1781 et
1063 1711 1176 1799 Leges
1196 1727 1301 1779 terrae
1320 1704 1407 1781 cubo

404 1818 552 1910 dientes,
562 1845 614 1892 res
624 1841 660 1892 et
673 1821 826 1896 redditus
835 1819 981 1915 Regales
995 1822 1031 1893 in
1048 1812 1195 1890 ²'arrario
1209 1819 1334 1911 Regni
1344 1816 1407 1890 Sco

405 1931 466 2000 eiae
483 1929 719 2022 reconderent,
743 1932 786 2007 ad
803 1930 899 2005 usum
914 1950 950 2005 et
964 1928 1152 2002 utilitatem
1167 1925 1345 2024 praedi&ae
1364 1926 1407 1999 be

403 2037 493 2109 redis
510 2060 544 2109 et
562 2038 625 2112 sua
640 2044 827 2139 proneptis.
870 2037 964 2138 quod
979 2060 1014 2110 et
1030 2036 1153 2110 fabium
1172 2034 1221 2106 est
1239 2060 1303 2135 per
1321 2058 1407 2111 annot

403 2147 537 2246 aliquot
550 2149 732 2246 prudenter
744 2151 884 2246 quidem
895 2171 930 2223 et
940 2148 1105 2227 fideliter.
1132 2150 1214 2219 Rex
1225 2169 1345 2221 autern
1355 2142 1407 2219 Ed·

382 2254 545 2348 nardus,
568 2258 662 2347 dum,
689 2260 762 2356 poll
785 2282 916 2359 tempus
936 2258 1092 2356 aliquod,
1120 2277 1355 2331 reverteretur
1377 2254 1407 2329 ud

403 2370 551 2465 propria,
577 2370 676 2441 rniffis
702 2375 835 2442 nunciis
852 2370 893 2449 ad
909 2374 1041 2462 Regem
1055 2372 1252 2464 Norwaye,
1278 2368 1407 2442 eandem

400 2471 509 2548 filiam
527 2478 560 2547 in
578 2474 633 2574 spe
656 2477 872 2550 Succeffionis
894 2477 1073 2571 magnifice
1095 2474 1284 2550 aecerfivit.
1334 2477 1407 2572 Qu

402 2605 481 2653 cum
499 2578 579 2653 ellet
597 2604 724 2671 tenera,
750 2587 837 2656 etin
855 2582 1024 2684 profunda
1043 2585 1142 2653 maris
1161 2608 1303 2679 aequora
1319 2587 1407 2658 vebo

400 2711 508 2780 retur,
531 2689 701 2762 infirmata
713 2690 770 2781 est,
796 2690 993 2763 inundantis
1009 2688 1096 2761 ferre
1114 2714 1184 2759 non
1199 2690 1319 2763 valens
1332 2694 1407 2792 peri·

351 2819 354 2826 ’
399 2802 475 2873 cula
493 2803 603 2871 maris.
659 2802 816 2898 Cumque
833 2804 869 2872 in
889 2799 1030 2872 insulam
1053 2797 1230 2872 Orcadum
1256 2799 1407 2878 effetad·

398 2913 511 3001 dueta,
534 2916 569 2984 in
585 2911 640 3013 spe
658 2912 894 3011 recuperandae
911 2911 1073 3002 sanitatis,
1095 2910 1352 3005 ingravescente
1364 2914 1407 2984 in·

397 3021 573 3113 firmitate,
587 3021 716 3094 ibidem
733 3022 870 3098 tandem
883 3019 1107 3094 defunetaest.
1143 3026 1291 3095 Mortua
1304 3046 1407 3096 autem

395 3134 553 3231 praedidla
568 3133 689 3231 puella,
705 3128 851 3203 divisum
862 3130 909 3201 est
925 3132 1090 3201 continuo
1106 3126 1289 3202 confilium
1305 3131 1407 3222 Regni

394 3245 532 3314 Scociae.
573 3248 652 3317 Pars
669 3246 763 3315 enim
782 3250 1020 3333 Magnatorum
1038 3238 1130 3338 quali
1147 3239 1265 3313 media
1281 3238 1407 3313 favebat

390 3350 540 3453 Johanni
558 3350 602 3422 de
620 3352 779 3443 Balliolo,
804 3354 959 3423 Domino
973 3350 1017 3423 de
1034 3349 1211 3443 Galeway‚
1239 3377 1317 3448 pars
1334 3375 1407 3424 vero

393 3458 525 3554 reliqua
541 3457 673 3532 favebat
690 3459 846 3554 Roberto
862 3459 906 3531 de
922 3464 1041 3555 Bruys‚
1066 3461 1223 3530 Domino
1240 3459 1352 3535 Vallis
1368 3465 1407 3533 ll·¹

392 3573 534 3648 nandiae.
567 3572 671 3643 Unde
685 3570 848 3644 Custodes
861 3569 1025 3667 praedidti,
1039 3593 1227 3664 praecavere
1242 3571 1407 3665 volentes,

392 3709 434 3755 ne
446 3677 537 3756 for'te
549 3678 674 3751 sedicio
686 3686 842 3751 ³caretur
856 3680 891 3748 in
901 3676 1042 3775 populo,
1057 3676 1100 3748 de
1113 3674 1258 3748 confilio
1269 3684 1407 3773 Magna·

432 3911 446 3954 1
470 3900 510 3956 L.
522 3890 597 3971 five,
613 3909 673 3951 cum
683 3891 732 3951 Tr.
754 3891 815 3947 Vox
827 3898 923 3947 autem
936 3885 1110 3968 glapenitus
1120 3882 1195 3966 deest
1208 3885 1242 3946 in
1253 3891 1290 3950 T.
1323 3894 1358 3949 In
1368 3891 1404 3949 0.

389 3980 478 4043 etiam
494 3978 600 4064 (nescio
614 3978 719 4063 quade
733 3974 843 4057 cauffle)
864 3973 975 4037 delevit
993 3972 1251 4059 cl.Stianfletus.
1296 4000 1317 4041 2
1339 3973 1405 4062 Pto',

390 4073 516 4152 aerario,
527 4092 581 4154 quo
590 4067 670 4130 modo
677 4068 766 4148 plane
776 4064 881 4146 legitur
893 4067 924 4125 in
933 4067 981 4125 Tr.
1025 4082 1040 4143 3
1063 4073 1177 4129 hrum
1187 4067 1238 4127 Tr.
1254 4070 1403 4147 oriretur,

389 4161 536 4254 quomodo
551 4162 637 4224 etiam
650 4160 682 4223 in
693 4164 732 4223 0.
747 4156 871 4225 correxit
885 4153 922 4222 cl.
935 4154 1078 4241 Stillingfi.

1352 4304 1402 4356 to·
