3000 5075
200 490 276 569 118
475 472 1167 565 Wnnrnurllnurunroro
1339 292 1352 625 l

173 637 220 706 A·
237 637 283 703 D·
313 664 412 740 poena
421 638 651 714 mutilationis
664 662 781 712 manns
797 631 1012 728 dextre-vel
1027 635 1140 705 eciam
1153 626 1311 728 capitis,i
1351 636 1352 711 l

185 734 277 803 ¹²⁹7·
313 749 413 848 culpa
425 746 633 850 exposceret.
664 743 875 843 Reverfiqne
885 744 963 819 lunt
975 743 1011 814 in
1023 761 1134 813 terras
1145 737 1231 830 suar,
1243 737 1313 817 nulli
1350 727 1353 751 ¹

313 860 499 934 molestiam
518 858 698 933 inferentes
714 878 772 930 aut
788 881 974 951 gravamen.
1069 891 1076 900 ’

416 1168 498 1238 Senti
515 1163 738 1259 insurrexerunt
753 1174 857 1238 contra
872 1163 997 1258 Regem,
1014 1179 1049 1231 et
1061 1182 1121 1252 qun
1137 1160 1235 1234 mode.

445 1327 505 1396 Eu
518 1350 534 1399 s
548 1351 565 1399 a
583 1330 692 1422 Mayo
702 1323 854 1425 ejusdem
867 1325 948 1395 anni
961 1345 1044 1415 gens
1055 1290 1241 1392 Scotorum
1256 1343 1316 1419 per·

468 1430 535 1503 fida
559 1429 724 1504 rebellare
748 1431 856 1526 coepit
880 1427 946 1499 boc
967 1423 1085 1498 modo.
1139 1425 1269 1499 Comes
1283 1422 1317 1495 de

310 1548 493 1633 warenna,
515 1547 570 1616 cui
589 1548 667 1616 Rex
684 1543 795 1615 noster
816 1563 929 1611 curam
951 1557 988 1609 et
1004 1533 1199 1608 cull'odiam
1221 1538 1316 1609 tocius

309 1657 423 1747 Regni
441 1657 567 1728 Scociae
579 1658 654 1726 vice
677 1652 733 1725 lua
748 1675 784 1724 et
800 1652 938 1725 nomine
954 1646 1190 1740 commiserat,
1214 1673 1317 1722 corru-

216 1843 220 1865 Ι
289 1769 470 1862 -pcionem
484 1768 570 1838 aeris
583 1762 732 1853 causans,
754 1761 857 1850 dixit,
881 1759 913 1833 se
933 1760 982 1834 ibi
997 1774 1066 1834 non
1081 1758 1181 1858 polle
1195 1785 1316 1835 manere

155 1897 158 1905 ·
264 1944 269 1953 ,
310 1871 568 1960 cumlauitate3
593 1870 777 1969 manfitque
789 1875 826 1945 in
838 1870 975 1964 Anglia,
992 1873 1027 1942 in
1043 1891 1142 1968 parte
1156 1877 1315 1945 tarnenl·

312 1980 474 2079 quilouis,
500 1979 537 2057 e't
559 1983 668 2055 hostes
691 1983 867 2056 exulantes
889 1977 1035 2074 segniter
1050 1977 1256 2079 prosecutur
1270 1983 1315 2073 el,

311 2093 408 2194 quod
421 2093 489 2170 fuit
505 2095 604 2168 nobis
619 2096 824 2197 inposterum
842 2090 919 2166 fons
935 2115 970 2166 et
985 2096 1086 2186 origo
1099 2092 1196 2168 mali.
1232 2093 1318 2172 Tbe-

246 2230 257 2247 ¹
310 2204 471 2279 saurarius
486 2210 593 2281 eciam
606 2210 713 2300 Regis
721 2209 890 2280 Dominus
905 2209 1010 2298 Hugo
1022 2204 1067 2277 de
1079 2205 1313 2302 Creffinghanr,

309 2311 414 2388 bomo
431 2310 610 2415 pomposus
625 2336 662 2389 et
674 2315 796 2407 elatus,
820 2314 916 2390 valde
930 2318 1112 2417 pecuniam
1124 2319 1266 2409 dilexit,
1284 2342 1313 2392 et

308 2448 447 2496 murum*
459 2421 643 2519 lapideum,
660 2447 762 2521 quem
778 2422 848 2523 ipse
860 2427 1030 2498 Dominus
1047 2430 1130 2498 Rex
1146 2424 1248 2529 super
1261 2453 1312 2500 no·

309 2560 387 2606 vum
402 2531 560 2607 fossatum
577 2533 666 2632 apud
680 2538 843 2635 berewyk
854 2538 996 2609 construi
1014 2562 1239 2639 praeeperat,
1255 2565 1312 2613 non

310 2649 507 2736 construxit,
525 2648 620 2748 quod
641 2650 761 2723 nostris
776 2653 888 2722 evenit
904 2653 939 2720 in
957 2647 1162 2742 scandalum,
1178 2670 1217 2722 ut
1233 2668 1312 2747 pate·

309 2760 363 2835 bit
378 2757 530 2831 inferius.
565 2760 775 2860 Justiciarius
787 2783 867 2832 rero
880 2761 983 2852 Regis
999 2762 1177 2834 Dominus
1185 2758 1310 2836 willel·

309 2867 1310 2972 musdeOrmesby,praeceptumRegisprosequens,omnes,

307 2982 368 3077 qui
385 2981 473 3071 Regi
487 2980 616 3071 Angliae
632 2978 834 3053 fidelitatem
852 2981 963 3053 facere
982 2980 1181 3073 noluerant,
1198 2979 1311 3081 absque

308 3094 525 3192 personarum
551 3094 773 3199 distinccione
797 3092 965 3166 exulabat.
1007 3099 1160 3192 Eratque
1182 3096 1310 3197 quidam

308 3207 396 3282 latro
414 3202 580 3305 publicus,
596 3204 930 3304 WillelmusWalays
948 3209 1097 3297 nornine,
1126 3211 1187 3305 qui
1207 3209 1311 3284 multis

305 3316 516 3414 temporIbus
532 3316 733 3391 exulaverat.
776 3320 845 3389 Hic
871 3342 948 3389 eum
968 3317 1049 3413 ellet
1064 3308 1168 3411 vag'us
1189 3343 1226 3394 et
1241 3347 1309 3421 pro·

306 3426 553 3520 fugussomnes
567 3426 739 3499 exulantes
755 3430 955 3500 convocavit
972 3426 1016 3503 ad
1033 3425 1082 3519 se,
1098 3449 1134 3499 et
1151 3427 1257 3505 faetus
1270 3430 1309 3504 cll

307 3539 398 3640 quali
414 3542 569 3639 princeps
588 3563 719 3629 eorum,
743 3561 778 3610 et
794 3559 972 3611 creverunt
991 3542 1026 3611 in
1042 3540 1212 3636 populum
1231 3540 1307 3615 mul-

221 3739 225 3746 ,
270 3650 278 3657 ’
305 3674 391 3723 tum.
437 3652 529 3721 Huic
545 3654 652 3723 eciam
670 3646 846 3722 allociatus
862 3648 909 3719 est
926 3648 985 3720 ille
1002 3649 1107 3722 Miles
1122 3650 1307 3727 Willelmus

305 3762 445 3854 Duglas,
462 3763 522 3857 qui
534 3764 569 3832 in
580 3764 742 3858 capcione
756 3758 863 3830 Castri
877 3756 921 3828 de
932 3760 1096 3855 Berewyk
1111 3758 1145 3832 le
1161 3770 1242 3834 cum'
1252 3760 1306 3836 luis¹

304 3872 397 3959 Regi
413 3867 526 3940 nostro
539 3867 694 3957 dederat,
708 3865 795 3943 salva
808 3865 869 3939 fibi
886 3870 957 3940 rita
973 3868 1197 3962 etmembris,
1215 3891 1252 3945 ut
1262 3868 1305 3943 su·

304 3977 495 4075 pradidtum
512 3981 567 4053 est.
607 3981 721 4073 Qeru
739 3997 815 4056 curn
829 3982 906 4055 Rex
920 3979 962 4053 ad
979 3984 1095 4055 omnia
1112 3980 1305 4069 restituiffet,

304 4084 410 4162 faetus
435 4092 481 4163 est
502 4091 670 4167 bonorum
695 4096 886 4184 immemor,
912 4093 999 4166 latro
1014 4094 1142 4166 latroni
1159 4091 1305 4182 sociatus,

304 4194 518 4273 liberatorem
537 4198 647 4295 suum,
664 4197 778 4277 saltem
789 4206 826 4278 in
842 4200 997 4294 subditis,
1012 4199 1208 4301 persecutus
1219 4202 1306 4276 estin

1215 4334 1303 4394 mor·
