3000 5075
122 432 253 493 xtvm·

458 368 1191 527 PRAEFnrro'

273 615 362 673 cum
388 589 429 669 in
455 588 520 671 usu
539 587 776 699 quotidiano
801 616 846 670 ac
870 583 1050 670 familiari
1076 585 1119 668 in
1144 583 1295 694 iisdem,

272 745 347 826 qua
361 715 517 823 quidem
535 743 604 824 per
617 713 769 799 cusores
788 715 909 821 licuit,
934 712 1093 825 vestigia
1108 712 1200 799 satis
1213 742 1293 827 nra·

103 955 106 963 1
146 889 175 919 η
218 909 222 916 .
273 837 412 924 nifel'ta
439 841 697 949 apparebunt
813 918 816 925 .

289 969 459 1059 §XX
503 965 646 1043 Dum
636 993 677 1047 1n
708 984 871 1047 moneta
896 962 1185 1073 corrumpenda
1214 959 1294 1047 five

271 1086 527 1171 adulteranda
556 1089 689 1172 sedulo
722 1091 925 1174 exercitati
959 1091 1082 1177 effent
1113 1089 1296 1178 homines

273 1216 425 1322 nefarii,
454 1217 559 1300 haud
585 1246 675 1302 raro
699 1221 739 1301 in
764 1220 1046 1332 orthographia
1073 1239 1295 1330 peccarunt.

272 1342 415 1450 quippe
433 1345 498 1452 qui
518 1342 676 1429 subinde
694 1338 937 1430 charadieres
963 1345 1040 1431 five
1057 1349 1209 1432 litteras
1232 1374 1296 1431 or·

273 1465 366 1557 dine
398 1469 636 1576 praepostero
662 1469 887 1585 posuerunt.
931 1471 973 1554 id
987 1472 1094 1582 quod
1111 1472 1296 1559 fecerunt

271 1596 389 1702 plane
417 1623 463 1679 ex
492 1599 716 1709 ignorantia
741 1600 1011 1709 potiusquam
1036 1598 1193 1684 incuria.
1225 1617 1297 1695 ·ut-,

273 1741 371 1828 pote
392 1723 463 1830 qui.
481 1724 622 1834 linguae
645 1714 798 1807 Latinae
812 1725 989 1832 imperiti
1008 1723 1166 1806 effeutr..
1185 1722 1295 1839 quod

197 1866 216 1930 J
272 1845 328 1925 nil
343 1847 495 1952 mirum,
524 1877 641 1959 quum
659 1855 865 1932 enumero
885 1847 1073 1961 ejusmodi
1087 1845 1300 1953 hominum

271 1969 554 2080 flagitiosorum
569 1972 690 2054 effent
705 1973 846 2086 Judaei‚
855 1971 1043 2075 sermonis
1055 1970 1188 2055 Latini
1202 1998 1295 2053 neu·

190 2087 191 2091 ‘
271 2097 421 2206 tiquam
440 2098 606 2182 studiosi.
654 2104 752 2184 Non
773 2122 905 2185 tamen
923 2101 992 2205 est,
1019 2125 1086 2183 cur
1109 2097 1202 2181 hinc
1216 2096 1296 2189 col·

272 2227 383 2336 ligas,
401 2227 619 2308 litterarum
631 2227 792 2336 parathen
808 2227 959 2334 semper
974 2243 1146 2308 monetae
1161 2250 1293 2306 corru-

272 2354 449 2460 ptionem
465 2352 668 2437 denotare.
709 2359 983 2463 Saepenumero
996 2371 1101 2434 certe
1112 2348 1155 2433 id
1168 2365 1293 2462 genus

271 2474 518 2586 transpositio
548 2480 588 2564 in
614 2480 779 2563 nummis
809 2480 888 2563 srne
913 2477 1033 2562 dubio
1058 2477 1290 2565 authenticis

273 2602 597 2709 deprehenditurr
647 2608 838 2714 Exempla
853 2626 1062 2715 perustum
1083 2605 1292 2688 e-nummis

270 2730 619 2838 Anglo·Saxonicis
643 2731 692 2813 ab
711 2730 1085 2818 Andrea'Foutanio
1111 2728 1214 2835 (viro
1232 2725 1292 2808 his

269 2856 312 2937 in
326 2860 458 2942 studiis
475 2856 739 2967 versatiffimo)
759 2878 843 2939 tum
867 2868 906 2939 &
921 2862 945 2938 e
963 2853 1129 2937 nummis
1149 2854 1292 2937 nostris

272 2979 1180 3098 Anglo-NormannicisaSpeedio‚Thoresbeio
1195 2978 1292 3061 aliis-
1320 3085 1322 3090 s

272 3139 349 3219 que
367 3116 464 3225 juris
491 3112 605 3196 fatris
630 3111 784 3219 publici.
829 3110 994 3219 Nosque
1011 3108 1109 3190 item
1130 3106 1170 3186 in
1197 3128 1291 3211 ope·

202 3307 209 3317 ,
271 3235 375 3317 ribus
394 3234 531 3319 nostris
552 3232 727 3339 exempla
753 3229 916 3340 paucula
932 3256 1061 3339 prore
1079 3246 1172 3310 nata
1200 3251 1292 3333 por·

142 3413 144 3417 »
272 3357 455 3439 reximus.
500 3357 775 3469 Ejusmodique
793 3360 909 3438 etiam
920 3358 1081 3468 μεπὶθῑσις
1100 3381 1180 3435 non
1198 3380 1290 3435 raro

271 3480 442 3598 occurrit
479 3481 519 3561 in
555 3482 722 3563 nummis
753 3480 900 3562 Graecis
933 3501 1053 3589 atque
1085 3476 1302 3561 Romania?

271 3605 600 3715 quemadmodum
632 3608 740 3691 &in
768 3609 1021 3688 marmoribus
1052 3606 1223 3711 vetustis,
1249 3608 1294 3689 in

271 3726 410 3838 quibus
427 3727 641 3834 &syllabas
661 3757 765 3811 nunc
784 3724 922 3811 misere
943 3730 1155 3834 distractas,
1185 3756 1291 3818 nunc

270 3853 408 3963 inepte
426 3852 590 3939 sociatas
605 3855 749 3940 videas.
779 3860 835 3938 At
847 3855 920 3938 hac
934 3854 984 3938 de
999 3882 1040 3937 re
1055 3855 1170 3938 fufius
1180 3853 1299 3938 dille.

261 4005 358 4068 ‚rere
371 4003 481 4064 extra
498 3982 714 4066 institutum
727 3984 857 4065 effer
853 3990 1003 4092 Itaque
1018 3981 1205 4064 abstineo.
1231 3986 1294 4069 Ea

271 4124 406 4260 tamen
423 4106 665 4236 conditione,
679 4126 725 4189 ut
739 4106 843 4216 prius
856 4126 898 4190 te
911 4105 1121 4191 certiorem
1137 4093 1306 4210 faciam*

1206 4255 1292 4338 pe

184 4498 188 4506 ·
311 4477 332 4520 0
