3000 5075
300 441 1081 561 Hirsutum-Eumnml'mm:
1240 469 1316 536 161

177 595 264 690 bris,
274 597 551 698 miffisque-novis
565 596 732 669 militibus
745 595 788 667 ad
800 595 867 666 alia
881 596 994 685 castra,
1008 616 1046 668 nt
1058 592 1124 669 suat
1138 624 1199 673 no-
1229 617 1272 685 A,
1291 619 1342 687 D,

175 713 295 785 vitatis
309 710 452 804 gloriam
465 731 678 797 exercerent,
694 712 898 782 invenerunt
911 733 950 780 ea
962 734 1065 781 vacua
1076 715 1201 804 &igni
1240 702 1331 782 1²98·

176 815 440 897 succenderunt.
479 825 524 893 Et
538 818 581 891 lic
597 823 704 918 captis
717 841 752 891 et
765 817 924 893 succensis
940 818 1009 891 illis
1023 819 1132 896 tribus
1145 849 1201 898 ca-

177 929 296 1022 stellis,
318 930 440 1004 reversi
458 928 594 1004 suntad
612 954 724 1022 regem
741 954 816 1001 cum
834 927 963 1022 gaudio
980 951 1015 1002 et
1030 930 1150 1022 gloriar

226 1048 319 1115 Dum
332 1032 405 1116 fere
423 1068 482 1140 per
497 1037 644 1112 mensem
661 1038 743 1112 talia
757 1060 970 1133 gererentur,
996 1038 1200 1122 defecerunt

177 1153 339 1227 victualia
352 1155 437 1245 regi.
475 1156 562 1225 Non
576 1153 667 1222 enim
680 1169 842 1222 venerant
856 1173 955 1222 naves
966 1174 1026 1247 pet
1039 1177 1130 1227 mare
1141 1182 1201 1239 ος..-

179 1261 340 1353 ridentis,
350 1259 432 1334 licut
443 1259 727 1360 praeordinaverat
734 1263 828 1349 Rex,
837 1262 917 1357 quia
926 1265 1116 1335 contrarius
1130 1261 1204 1341 fue·

178 1393 235 1447 rat
248 1369 454 1460 eleventur,
479 1393 642 1444 venerant
658 1392 772 1443 tamen
786 1371 940 1470 quaedam
953 1398 1031 1443 cum
1047 1373 1204 1458 ducentis

164 1481 292 1557 doleis
304 1487 375 1556 tini
392 1505 428 1555 er
445 1482 644 1555 virtualibus
660 1485 786 1582 paucis.
830 1476 917 1574 Qae
934 1480 1077 1577 quidem
1092 1483 1202 1581 dol-ia,

178 1593 354 1683 statumen
373 1614 541 1692 praecepto
554 1594 673 1684 Regis,
689 1588 870 1663 distributa
884 1586 959 1662 sunt
973 1615 1034 1690 per
1048 1602 1201 1669 excerci-

178 1725 269 1779 tum.
311 1691 469 1808 Dictaque
482 1696 556 1779 sunt
570 1701 791 1782 Wallenfibus
805 1700 875 1774 duo
891 1699 987 1774 dolia
1004 1707 1073 1775 vini
1088 1705 1131 1778 ad
1144 1733 1199 1781 re·

178 1804 379 1891 focillafflat
392 1843 512 1891 eorum
525 1820 664 1904 animas,
680 1840 723 1887 eo
739 1811 833 1909 quod
844 1811 941 1886 valde
951 1810 1148 1889 defecerant
1161 1834 1199 1893 et
1213 1896 1215 1900 ,

177 1920 415 2004 moriebamur
428 1929 652 2022 glomeratim.
690 1929 764 2020 Qi
775 1954 854 2001 cum
869 1926 1104 2020 degustassent,
1116 1952 1199 2008 con·

179 2035 551 2113 tinuoinebriatisunr.
592 2041 638 2110 Et
650 2040 799 2109 rixantes
812 2062 887 2107 cum
899 2036 1062 2130 Anglicis,
1079 2066 1198 2116 exten..

177 2149 306 2225 derunt
323 2177 443 2224 manus
458 2154 574 2224 noxias
590 2154 624 2223 ln
642 2149 795 2222 Christos
813 2154 968 2240 Domini,
992 2156 1200 2248 perimente-s

177 2283 224 2338 ex
238 2265 289 2334 eis
300 2267 420 2336 XVlll
437 2258 604 2362 personas,
624 2282 660 2334 et
676 2262 753 2334 aliis
769 2263 1029 2362 quamplurimis
1045 2266 1200 2346 vulnera·

177 2371 234 2443 tis.
280 2367 396 2462 Qud·
411 2395 487 2442 cum
505 2367 671 2443 audilient
696 2372 878 2468 equestres,
900 2369 1029 2444 turbati
1050 2371 1139 2467 sunt,
1164 2399 1202 2452 et

176 2483 299 2555 armati
316 2482 480 2555 continuo
496 2478 727 2581 procellerunt
751 2485 787 2554 in
812 2503 959 2556 mortem
982 2509 1116 2578 eorum,
1139 2517 1200 2568 oc·

176 2584 324 2688 ciillquc
335 2591 511 2680 octoginta
522 2586 760 2680 Wallenfibus,
772 2589 924 2686 reliquos
937 2596 975 2664 in
985 2590 1101 2686 fugam
1116 2624 1200 2673 cou-

175 2719 365 2773 vertetunt.
404 2699 509 2767 Mane
522 2696 664 2792 quidem
677 2696 784 2790 facio,
797 2698 1113 2798 dixeruntquidam
1125 2711 1198 2781 Re-

178 2812 232 2905 gi:
257 2832 325 2881 ecce
340 2805 509 2899 Wallenses
517 2806 611 2901 supra
627 2810 745 2882 mnrium
761 2812 837 2881 irari
843 2829 966 2904 propter
977 2817 1078 2889 rixam
1089 2820 1198 2915 bester-

156 2931 264 3010 amm,
271 2916 307 3011 se
325 2921 440 2990 Scottis
458 2922 634 3011 conjungere
649 2917 687 2991 Θ
701 2920 775 2991 date
789 2922 950 3015 clipunum,
977 2923 1030 3017 m'fi
1039 2945 1096 3018 per
1112 2949 1156 3017 re,
1179 2928 1196 3002 l

174 3057 251 3132 rex,
264 3032 305 3103 ad
318 3032 424 3102 bonum
436 3033 521 3120 pacis
535 3050 717 3105 reuocentur.
764 3033 809 3101 Et
824 3053 897 3103 erat
906 3051 988 3103 tunc
1003 3057 1122 3108 eorum
1136 3065 1196 3111 nu·

176 3165 293 3234 merus
307 3134 399 3237 quast
413 3143 501 3209 XL1²
519 3137 636 3210 millia.
673 3144 719 3211 Er
729 3141 777 3209 ait
791 3164 863 3229 rex,
877 3142 960 3245 Q
974 3165 1060 3232 cara,
1070 3147 1098 3243 fi
1107 3152 1198 3245 hostes

175 3250 301 3347 hostibus
315 3252 551 3340 conjrmgantur?
577 3258 721 3345 Uterque
732 3256 812 3324 enim
825 3277 926 3326 eorum
936 3254 1019 3348 tostis
1029 3258 1122 3352 millet
1134 3263 1174 3358 esi
1180 3299 1194 3352 3

175 3360 297 3433 radant
309 3380 375 3447 ergo
392 3380 447 3447 quo
464 3361 621 3444 voluerint,
631 3361 784 3451 quoniam,
806 3363 931 3433 authore
945 3362 1085 3453 Domitio,
1098 3371 1197 3446 inuno

177 3467 228 3540 die
244 3454 466 3541 lindirabimut
479 3467 515 3536 de
533 3465 674 3561 arrisqW.
721 3465 829 3562 Qud
849 3494 925 3539 cum
945 3463 1112 3547 audiffent
1129 3479 1197 3574 illi,

177 3573 286 3651 secuti
308 3571 384 3651 sunt
403 3580 550 3670 Regem,
576 3577 634 3650 sed
656 3601 769 3652 tamen
789 3588 809 3652 a
829 3580 943 3673 longe.
989 3582 1195 3666 'Dicebatur
1293 3665 1296 3670 ,

177 3694 285 3783 enim,
299 3675 394 3792 qnod
411 3687 434 3764 fi
453 3688 610 3765 vidillent
623 3694 760 3767 Scottus
775 3697 810 3764 in
824 3694 942 3791 aliquo
957 3700 1146 3794 praevalere,
1162 3704 1197 3780 se
1219 3772 1221 3776 ,

176 3795 289 3876 statim
304 3794 378 3899 iplis
393 3797 643 3895 conjunxillent
655 3802 691 3872 in
707 3820 849 3872 mortem
865 3801 1060 3892 Angloruru.
1077 3860 1080 3867 -
1099 3802 1197 3882 Dilli-

177 3913 271 4012 pavit
292 3931 403 3981 tamen
423 3909 593 3982 Dominus
611 3910 871 4001 imaginationes
892 3908 960 3982 has.
1009 3917 1104 3985 Nam
1123 3922 1198 3992 cito

175 4026 262 4124 post,
287 4049 364 4095 cum
380 4024 553 4113 ingrueret
571 4025 606 4095 in
629 4021 740 4096 castris
759 4019 864 4094 fames
882 4022 1003 4115 valida,
1029 4034 1066 4099 &
1082 4026 1197 4127 dispo-

410 4238 426 4283 1
449 4217 722 4307 Dicebantenim,
741 4215 970 4293 fivid'ebantr.
1181 4296 1186 4303 ,
1242 4305 1244 4309 v

227 4297 311 4375 Vol.
325 4305 350 4373 Ι
422 4391 425 4397 ¹
769 4311 804 4381 X
1111 4306 1205 4382 suis·'
