3000 5075
182 487 261 576 '194
483 470 749 554 Wnarrrr
788 460 1166 551 Hemuoaono
1244 560 1246 564 ¹

140 616 143 623 ¹
173 637 216 704 Α.
235 636 280 701 D.
312 640 400 710 totc,
414 627 581 722 expiravit
596 621 805 695 mandatum.
831 609 1074 717 Deposuitque
1089 613 1322 712 subsequenter

173 738 271 819 ,¹300·
312 734 490 834 prediatus
513 741 606 835 prior
630 734 674 808 ad
697 756 795 806 aures
817 734 906 824 regis
928 728 1087 827 querelas
1108 727 1247 818 inultas,
1269 738 1324 800 nee

311 846 518 920 concordare
532 866 690 948 poterant
699 842 857 942 usquead
867 841 1131 942 parliamentum
1142 841 1325 933 regislan-

311 954 437 1044 doniis,
452 958 603 1029 111me
620 957 698 1027 anni
715 954 831 1051 quarti
850 948 1091 1047 subsequentia.

360 1070 441 1139 Nec
458 1064 526 1140 fuit
540 1068 679 1156 ¹mirum,
694 1084 733 1137 ut
749 1062 916 1152 creditur,
931 1060 1044 1161 quod,
1061 1081 1209 1162 propter
1222 1055 1324 1133 tisim

183 1198 191 1210 '
311 1182 421 1252 clonis
437 1175 593 1267 sormam,
619 1178 724 1252 fiebat
739 1176 926 1250 altercatio.
967 1177 1051 1274 quia
1075 1172 1324 1247 cecideruntiu

313 1289 484 1387 laqueum,
512 1288 692 1389 quemdlu
709 1308 788 1360 ante
805 1295 1059 1359 'contexerant
1101 1276 1332 1356 visrtationem'

310 1394 454 1476 Domini
469 1403 612 1473 Domini
626 1395 883 1498 Archiepiscopi
896 1393 1066 1488 Eborum,
1083 1398 1150 1494 qui
1168 1418 1233 1490 pro
1250 1415 1324 1466 tem·

311 1516 393 1609 pore
408 1508 526 1598 fuerit,
540 1484 646 1604 quunl
657 1504 859 1581 obedienter
869 1511 908 1579 &
922 1502 1080 1576 filialiter
1095 1502 1262 1600 recepisse
1272 1503 1324 1577 de·

310 1625 468 1716 buerant,
494 1622 609 1696 multis'
627 1636 721 1699 retro
736 1618 946 1725 temporibus
959 1619 1161 1695 maluerunt
1175 1621 1323 1711 admitte·

309 1767 349 1814 re
362 1735 609 1815 Dinelmensis.
654 1728 935 1833 Arcbiepiscopus
952 1736 1045 1807 enirn
1055 1734 1238 1810 Walterus
1251 1731 1324 1835 Gys

259 1890 269 1910 a
311 1849 408 1922 farde
424 1846 555 1921 visitare
570 1842 700 1934 volens,
730 1841 880 1942 repulsus
899 1842 959 1920 est.
1010 1840 1202 1921 socceffor
1223 1838 1320 1917 aureus

310 1961 382 2056 ejus
400 1955 571 2034 Walterus
584 1944 871 2046 wethebangee,
895 1942 988 2027 idem
1009 1954 1257 2028 continuando
1273 1972 1321 2028 nea

310 2066 462 2161 g'ocium,
477 2062 577 2137 missas
593 2061 702 2134 literis
719 2054 815 2134 causa
828 2054 1034 2145 vifitaeionis
1050 2055 1321 2155 faciendae,reru⁴

311 2196 393 2267 pore
410 2168 557 2242 Roberti
581 2167 625 2238 de
645 2163 769 2257 Insula,
796 2168 880 2238 tunc
902 2164 1144 2240 Dunelmenfis
1169 2167 1320 2268 episcopi,

308 2279 495 2352 declinavit
508 2273 647 2348 ibidem.
673 2276 1320 2380 Qercipiendoproponentesmuod,

309 2383 492 2457 secundum
509 2383 653 2457 formam
669 2384 762 2456 illius
779 2384 1030 2459 constitutionis
1042 2384 1215 2464 Romane
1239 2384 1319 2463 extra

309 2496 353 2569 de
369 2498 453 2569 Cen.
465 2479 559 2567 erac.
578 2516 613 2568 et
629 2498 800 2594 procurat'
808 2496 934 2569 exarati
950 2518 1047 2597 erant
1065 2502 1225 2598 recipere
1240 2494 1319 2588 eum,

309 2604 332 2677 sr
351 2627 463 2679 tamen
482 2607 593 2700 primo
610 2600 700 2677 suam
712 2605 891 2679 ’eeclesiam
911 2611 950 2680 &
968 2603 1188 2704 provinciam
1206 2609 1319 2685 visitas-

307 2712 369 2788 set.
424 2712 491 2787 Sed
506 2716 587 2810 quia
605 2714 674 2785 non
690 2709 817 2786 fecerat
834 2715 912 2804 hoe,
937 2715 1167 2813 appellarunt,
1194 2729 1233 2795 &
1250 2741 1317 2793 eum·

307 2823 486 2895 admittere
512 2823 726 2920 noluerunt..
745 2821 820 2921 lpse
840 2830 923 2896 tero
938 2831 1257 2926 excommunicavit
1268 2854 1317 2902 eos

307 2942 345 3008 &
363 2932 503 3007 recellit.
543 2940 687 3008 Mortuo
701 2934 839 3009 tandem
853 2935 1017 3033 praedldo
1028 2937 1195 3011 Roberto
1211 2942 1256 3016 de
1270 2948 1317 3016 In·

310 3042 391 3136 sula,
418 3044 509 3116 idem
531 3042 811 3145 Archieplscopus
827 3046 1019 3123 Willelmus
1034 3048 1174 3124 direxit
1197 3053 1316 3126 ibidem

309 3156 425 3230 fiteras
439 3154 522 3245 suas,
543 3180 586 3230 ut
601 3158 761 3251 visitaret,
784 3188 852 3234 non
869 3183 1031 3260 tanquam
1047 3164 1315 3267 archiepiscopus

307 3257 367 3330 sed
388 3280 549 3360 tanquam
572 3263 760 3365 episcopus,
784 3296 827 3343 eo
853 3272 947 3369 quod
970 3295 1107 3377 tempus
1134 3283 1313 3352 vacationis

309 3370 500 3465 pertinebat
512 3371 555 3443 ad
572 3381 648 3444 eum
659 3378 697 3448 'in
712 3377 962 3477 spiritualitate.
1003 3389 1048 3454 At
1065 3385 1120 3457 illi
1138 3383 1312 3487 responde·

308 3499 389 3551 runt
409 3482 455 3568 ei,
480 3480 573 3579 quod
590 3491 696 3581 parati
714 3510 811 3561 erant
829 3513 906 3563 eum
932 3493 1117 3567 admittere
1140 3497 1311 3573 seeundum

306 3592 476 3689 quandam
493 3591 648 3687 sormam,
667 3600 756 3672 inter
768 3601 857 3697 ipsos
871 3624 907 3673 et
917 3603 1091 3699 quendam
1107 3611 1309 3684 Richardun

305 3706 339 3778 le
355 3711 476 3796 Pouet,
490 3708 664 3807 quondam
680 3712 940 3788 Dunelmensenr
954 3716 1166 3816 episcopum,
1191 3727 1310 3811 initam,

305 3821 382 3915 quae
402 3818 481 3909 fuit,
505 3818 601 3917 quod
617 3846 694 3894 cum
710 3849 778 3894 uno
795 3823 871 3895 solo.
885 3823 1013 3897 clerico
1033 3825 1186 3901 visrtaret
1205 3856 1266 3931 pro
1281 3827 1309 3903 se

304 3934 343 3998 dc
361 3924 602 4000 successoribus
621 3922 696 4017 suis,
725 3938 762 4004 &
780 3930 861 4003 alias
878 3957 958 4003 non.
1003 3933 1092 4027 Qi,
1123 3936 1307 4035 hujusmodi

342 4143 357 4189 r
374 4123 438 4206 Vel,
448 4142 688 4193 contexueranr.
730 4130 943 4195 2Willelmus
956 4131 1242 4201 Wickwanealiis.
1267 4153 1306 4196 re·

300 4215 384 4324 llius.
419 4220 498 4282 Nam
509 4214 549 4288 (θ’
558 4218 740 4285 Willelrnus
750 4220 846 4312 paulo
861 4217 994 4303 ilferr'us.

1222 4342 1304 4392 com·
