3000 5075
479 448 897 528 APPENDIX
1129 434 1131 440 ’
1233 473 1326 577 mn

171 596 358 679 meritoque
381 593 497 656 dobere
518 593 680 672 anteferri,
705 611 741 676 ac
765 587 867 654 videri
889 591 990 670 major
1004 592 1089 652 inter
1109 593 1191 658 illos.
1231 609 1272 674 Α,
1288 594 1339 677 1),

174 696 246 760 Alii
259 697 463 774 asseruerunt,
474 699 496 736 ⁴³
506 689 755 754 archidaconum
768 703 917 772 protunc,
930 694 1061 753 nomine
1071 696 1107 759 &
1117 714 1196 778 cog.
1237 710 1327 773 ¹451·

172 798 310 858 nomine
325 793 529 874 willelmum
543 787 748 872 Walin-gsord
768 804 995 873 nuncupatum,
1017 793 1121 855 virum
1135 796 1197 865 esse
1266 860 1268 865 ,

171 890 493 975 circumspediumet
512 888 693 972 politicum,
715 886 918 971 officiumque
932 889 1050 951 nedum
1064 891 1126 956 sive
1139 914 1195 958 cu-

172 989 299 1053 ramsui
312 991 598 1071 archidiaconatus,
619 990 695 1071 quin
707 988 810 1055 eciam
818 984 966 1049 officialia
975 989 1075 1072 varia,
1100 1007 1194 1076 utpu-

170 1102 221 1168 ta,
238 1085 382 1151 officium
396 1087 568 1170 cellerarii,
594 1086 735 1153 officium
743 1084 888 1169 bursarii,
907 1084 1049 1183 officiqm
1062 1089 1194 1154 foresta-

170 1186 228 1270 rii,
242 1184 447 1270 officiumque
456 1186 681 1268 subcellerarii,
702 1186 838 1248 multum
851 1183 984 1269 provide
999 1184 1195 1273 politiceqr're

171 1283 424 1366 gubernantem,
440 1300 473 1347 et
493 1299 663 1368 propterea
682 1284 872 1347 habiliorem
890 1284 1115 1370 utilioremque
1131 1290 1194 1352 esse

169 1383 282 1463 priore
295 1381 397 1463 diuo,
411 1378 576 1464 utiliusque
586 1381 655 1445 sore
667 1377 821 1461 ecclesiae,
831 1377 933 1460 ipsum
942 1384 1097 1463 majorem
1111 1381 1193 1468 sieri,

169 1480 238 1546 five
259 1480 327 1545 aliis
340 1477 489 1543 anteferri
504 1479 538 1542 in
553 1478 726 1542 eleccionis
741 1476 881 1560 negocio
896 1480 930 1539 in
948 1482 1102 1561 proximo*
1116 1497 1193 1549 tunc

168 1577 292 1642 futuro.
332 1578 447 1643 Terci'i
461 1596 553 1660 vero,
574 1592 607 1640 et
620 1577 781 1666 praecipue
800 1575 850 1638 illi
864 1579 917 1660 qui
936 1577 1074 1642 seniores
1089 1581 1192 1647 sanio-

159 1674 285 1760 resque
298 1678 383 1740 inter
395 1675 478 1762 ipsos
489 1675 629 1756 fuerant,
651 1677 822 1759 zelumque
838 1675 1056 1740 ardenciorem
1077 1679 1115 1741 ad
1132 1682 1192 1745 bo-

169 1778 253 1840 num
268 1777 430 1863 religionis
447 1772 655 1859 possidebant,
680 1771 828 1835 dixerunt
849 1788 972 1856 patrem
985 1792 1097 1836 eorum
1111 1795 1192 1856 prae⁴

169 1873 421 1956 teritum-adbuc
434 1870 644 1956 superstitem,
661 1871 844 1951 &protunc
859 1870 892 1932 in
905 1867 1048 1932 manerio
1061 1867 1123 1933 suae
1137 1892 1194 1950 ua·

168 1973 307 2038 tivitatis
332 1971 540 2045 aemulacione
563 1963 742 2031 successoris
758 1981 1031 2046 commanentem,
1058 1965 1195 2032 habilio-

168 2086 255 2150 rem,
277 2065 452 2146 utiliorem,
469 2061 721 2146 ydonioremque
737 2060 798 2124 esse
809 2063 957 2124 omnibus
972 2058 1053 2143 aliis,
1074 2084 1111 2129 ac
1126 2085 1193 2129 rnad

169 2165 220 2250 gis
232 2162 367 2244 dignum
380 2174 511 2244 propter
527 2158 650 2222 causam
664 2160 784 2221 variam
798 2155 900 2220 videri
915 2157 1016 2222 rursus
1033 2164 1133 2243 major
1144 2165 1193 2227 in-

168 2274 222 2326 ter
237 2279 309 2323 nos.
348 2256 436 2320 Tum
446 2257 563 2336 primo,
589 2255 663 2336 quia
676 2253 753 2317 dum
763 2253 847 2337 prius
860 2272 918 2316 uos
931 2269 965 2316 et
978 2253 1084 2317 nostra
1098 2261 1193 2343 rexit,

168 2353 317 2441 prodesse
328 2353 431 2434 magis
451 2371 544 2434 quarn
565 2349 693 2434 praeesse
713 2347 841 2431 studuit,
865 2343 1036 2434 pociusque
1052 2348 1195 2419 minister

169 2450 237 2514 dici
253 2468 348 2531 quam
369 2447 519 2530 magister
538 2446 690 2530 appellari
714 2443 889 2528 adoptavit.
932 2443 1020 2510 Tum
1043 2446 1193 2534 secundo,

168 2550 248 2632 quia
263 2567 323 2631 pro
331 2562 478 2629 tempore
490 2544 731 2628 gubemacionis
740 2542 848 2624 diue,
859 2560 920 2605 uec
930 2540 1100 2606 claustrum
1114 2566 1194 2610 con·

168 2641 316 2709 venitin
329 2640 448 2722 sorum,
464 2660 524 2703 nec
535 2639 669 2703 studium
679 2638 714 2701 in
728 2638 913 2719 negocium,
920 2656 996 2719 ymo
1006 2637 1193 2722 obloquium

169 2740 286 2825 pocius
301 2738 336 2799 in
349 2736 525 2818 silencium,
540 2733 694 2798 dissidium
707 2730 958 2818 indisciplinam,
979 2736 1149 2819 ociumque
1159 2756 1193 2803 er

170 2837 340 2921 pigriciam
354 2836 388 2898 in
399 2836 592 2918 leccionem,
613 2833 831 2916 diligenciam,
855 2832 1191 2909 &doctrinacionema

168 2923 263 2998 Turn
279 2949 359 2994 vero
372 2929 486 3011 tercio,
508 2930 581 3012 quia
595 2940 657 3012 pro
668 2944 816 3013 tempore
836 2926 914 2992 dicti
929 2929 1105 3013 regiminis,
1126 2935 1192 2996 no'n
1247 2983 1249 2988 ,

169 3028 334 3115 disiipator
349 3029 512 3113 prodigus,
533 3048 610 3112 ymo
626 3029 729 3091 verius
746 3022 937 3108 dispensator
952 3025 1054 3091 fidelis
1070 3044 1103 3092 et
1117 3052 1191 3114 pru-

169 3123 252 3190 ·dens
274 3122 378 3187 fuerat
401 3123 560 3186 bonorum
583 3121 736 3203 ecclesiae,
770 3123 967 3205 multumque
991 3122 1128 3191 fideliter
1154 3150 1192 3194 ac

169 3220 346 3307 prudenter
361 3220 490 3299 Mnam,
508 3218 564 3281 fibi
577 3216 785 3300 commissam,
796 3216 835 3281 ad
850 3218 989 3281 mensam
1002 3215 1119 3304 legitur
1133 3223 1192 3288 do·
1302 3283 1307 3296 „

168 3322 325 3394 minicam
334 3316 517 3401 apposuisse.
550 3313 686 3400 Propter
702 3316 757 3379 bas
771 3318 880 3399 utique
896 3307 1014 3397 causas,
1032 3330 1065 3379 et
1079 3322 1192 3401 praecia
1255 3398 1259 3404 Ι
1313 3310 1315 3314 ’

169 3427 234 3504 'pue
248 3416 323 3499 quia
335 3414 448 3498 ingens
459 3429 526 3479 erat
538 3416 662 3480 zelator
677 3414 873 3499 reipublicae,
893 3411 1111 3498 signanterque
1124 3435 1191 3499 prae
1229 3413 1231 3418 ’

168 3514 289 3578 ceteris
305 3531 376 3576 eam
386 3514 420 3574 in
434 3512 539 3596 rebus,
561 3514 652 3576 bonis
668 3514 702 3582 &
724 3509 957 3597 possessionibus
971 3508 1088 3595 legitur
1100 3514 1190 3580 locu-

169 3608 315 3696 pletasse,
327 3608 420 3691 juste,
436 3627 511 3691 ymo
534 3609 574 3672 de
585 3612 655 3693 jure
673 3625 814 3673 meretur
833 3604 984 3673 constitui
1002 3609 1121 3681 rursum
1140 3613 1189 3677 su-

168 3721 228 3790 per
248 3704 384 3769 Domini
404 3704 570 3787 familiam,
592 3704 814 3788 justiffimeque
836 3704 935 3767 rursus
956 3707 1135 3789 reaccipere
1150 3709 1190 3771 il·

168 3803 249 3884 lam,
270 3801 311 3865 de
324 3821 384 3885 qua
401 3800 550 3883 diximus,
573 3802 796 3881 majoritatem.
835 3795 984 3883 Cumque
1000 3802 1191 3886 aliquamdiu

166 3899 211 3963 fic
226 3896 572 3978 contencioseagerent
587 3895 698 3959 fratrea
718 3893 750 3957 in
774 3891 975 3975 seinvicem,
992 3894 1191 3975 justificaret*
1222 3897 1224 3908 ²
1283 3924 1292 3958 .·

168 4015 232 4082 que
247 4016 308 4080 pro
322 3992 407 4079 polle
427 4012 623 4077 unaquaeque
638 4012 708 4077 pars
728 3990 865 4054 seorsum
884 3992 1071 4075 opinionem
1091 3995 1190 4081 suam,

168 4091 287 4168 accidit
301 4091 445 4174 tandem,
470 4106 504 4153 ut
520 4089 642 4175 spiritus
658 4088 845 4160 humilitatis
861 4088 895 4149 in
905 4107 961 4162 ¹cor
975 4088 1189 4158 archidiaconi

172 4204 1188 4231 ...-..,.......-..-....-..-,-...-..,.-..,

486 4272 567 4347 rsit,
582 4237 879 4350 pro'archidiaconum,
1136 4343 1143 4356 ,
1181 4346 1187 4358 ,

213 4344 320 4441 vom·
408 4366 418 4375 ,
491 4433 501 4454 ἢ
771 4367 792 4410 x
1112 4340 1197 4422 diui,
