3000 5075
179 520 230 575 Lx

474 489 1103 600 PRAEFATIO.

282 701 350 756 cur
364 673 544 783 suspicer,
569 679 631 760 vel
643 687 700 761 M.
717 680 918 762 Aurelium
933 684 1117 762 Severum
1133 677 1299 763 Alexan·

283 798 473 906 drum‚vel
488 800 601 911 ipfius
613 802 987 912 patrem-Metellum
1003 803 1171 890 Varium·
1181 803 1301 912 suiffe)

284 921 399 1007 facile
420 926 593 1033 expediri
618 931 764 1040 nequit.
811 929 1007 1036 Arbitror,
1039 939 1303 1042 Imperatores

286 1065 373 1132 turn
406 1049 513 1133 fuisse
545 1053 837 1136 Diocletianum
869 1072 990 1162 atque
1024 1055 1304 1137 Maximianum

279 1175 528 1279 Herculum,
556 1175 607 1259 de
623 1177 760 1288 quibus
775 1177 1009 1284 accipiendae
1028 1204 1156 1282 voces,
1181 1177 1222 1259 in
1238 1184 1301 1257 In·

285 1290 557 1404 scriptionibus
580 1301 787 1404 veteribus,
816 1305 927 1381 IMP
939 1307 973 1381 E
983 1303 1023 1381 R
1034 1301 1120 1382 AT
1130 1304 1173 1382 O
1183 1303 1223 1383 R
1233 1304 1301 1383 ES

285 1417 573 1513 AvasTi
602 1431 978 1514 CONSVLEs¹.
1018 1437 1058 1509 u
1086 1408 1302 1535 nequibis

146 1626 149 1631 .
284 1545 453 1650 proinde
466 1542 720 1660 intelligenda
729 1548 785 1629 est
795 1575 869 1629 vox
879 1546 1171 1653 compendiaria
1181 1553 1303 1632 AUG

286 1666 329 1749 in
345 1667 603 1780 Inscriptione
619 1673 749 1754 nostra
765 1672 1059 1754 Dorcestrienfi.
1100 1675 1157 1756 Ni
1172 1675 1301 1780 fallor,

288 1821 396 1876 anno
410 1797 506 1907 XC.
525 1797 615 1878 CID
628 1802 828 1899 XXXIX,
856 1796 919 1877 vel
933 1796 1024 1877 CIO
1041 1800 1131 1900 XL,
1159 1797 1304 1883 Christi

253 1928 257 1937 “
286 1918 611 2026 CCLXXXVII,
628 1925 711 2031 jure
730 1921 908 2033 assignari
924 1920 1065 2029 potest.
1115 1926 1203 2007 Nec
1219 1924 1302 2034 qnia
1354 1986 1355 1994 a

286 2038 377 2123 dem
390 2045 483 2127 illud
499 2046 822 2157 fingerimdicere,
850 2046 967 2152 eopse
982 2065 1162 2152 tempore
1179 2047 1302 2132 vitam

285 2165 403 2277 egisse
418 2169 591 2272 Varium,
616 2199 696 2281 quo
714 2171 755 2252 in
771 2168 973 2253 Britannia
989 2169 1112 2250 clarus
1129 2168 1205 2251 effe
1221 2196 1303 2253 coe·

285 2293 390 2398 perit
404 2295 615 2379 Carausrus.
655 2298 711 2378 ita
724 2317 873 2397 tamen,
892 2315 937 2374 ut
953 2295 1090 2380 Varius
1106 2313 1186 2374 tam
1204 2296 1317 2397 Dio-¹

285 2417 458 2525 cletiano
475 2450 593 2532 quam
613 2442 654 2504 et
676 2423 917 2504 Maximiano
943 2420 1037 2501 esset
1059 2419 1304 2509 fideliffimns.

175 2613 184 2638 ,
288 2530 364 2650 qua
387 2545 437 2627 de
458 2550 579 2631 cauffa
602 2560 641 2632 &
667 2550 809 2630 merito
826 2544 895 2654 ipsi
922 2527 1232 2658 concessumestg
1260 2567 1304 2631 ut
1327 2601 1333 2622 ,

286 2672 725 2774 ConsulisBeneficiarii
742 2675 861 2757 titulo
879 2700 924 2755 ac
945 2672 1131 2781 penfione
1155 2672 1311 2769 fruere<

286 2816 362 2879 tur.
403 2801 519 2913 idque
531 2804 650 2885 etiam
662 2804 711 2886 ab
723 2803 807 2911 ipsrs
820 2802 1213 2910 Imperatoribus,qui
1224 2804 1304 2912 pla·

287 2953 339 3006 ne
358 2926 427 3033 ipsa
441 2957 543 3012 nunc
558 2928 705 3012 fuerint
722 2928 910 3011 Consules
928 2926 1073 3036 pariter
1089 2947 1209 3036 atque
1223 2936 1303 3014 Au·

287 3052 400 3162 gusti.
442 3058 536 3165 Jam
551 3081 659 3160 vero,
673 3053 768 3164 quid
784 3052 902 3135 fuerit
919 3039 1168 3154 Beneficiariur
1185 3056 1303 3159 Carasa·

285 3180 348 3282 lis,
362 3199 517 3289 nequeo
533 3171 670 3262 clarius
690 3178 872 3280 edocere,
892 3204 1007 3286 quam
1027 3174 1237 3259 &Reinefii
1254 3185 1303 3259 E-
1347 3227 1354 3252 .

287 3303 427 3420 pistola
450 3313 544 3391 Xll.
558 3327 698 3414 utpote
723 3332 840 3416 quarn
856 3323 899 3383 et
922 3298 1089 3382 eundern
1115 3299 1156 3382 in
1182 3300 1302 3385 finem

100 3462 104 3470 ·
221 3458 224 3463 ’
286 3432 369 3540 ipse
384 3459 539 3542 quoque
553 3432 713 3515 adduxit
731 3431 925 3512 Sertorius
939 3424 1117 3527 Ursinus,
1128 3428 1196 3534 qui
1210 3426 1302 3510 Rei·

288 3559 434 3641 nesru'n'r
459 3564 506 3667 (a
525 3563 630 3669 cujus
652 3583 785 3641 tamen
809 3552 1040 3668 conjecturis
1060 3552 1100 3634 in
1118 3553 1302 3662 aliquam·

286 3686 417 3767 multis
435 3684 613 3768 consulto
625 3681 873 3785 diffenseriml
888 3680 1164 3787 antiquitatum
1183 3677 1301 3759 subti-
1335 3721 1337 3729 ·

288 3800 366 3893 lem
381 3812 632 3895 scrutatorem
644 3809 758 3894 finisse
770 3812 940 3919 ingenue
952 3804 1141 3917 agnoscit,
1153 3832 1235 3913 quo
1253 3806 1301 3891 ti·
1331 3871 1334 3879 .

288 3937 373 4020 tulo
383 3952 421 4023 &
433 3939 617 4020 Ursatum
630 3936 752 4045 ipsum
764 3938 881 4017 etiam
894 3932 1113 4016 ornandum
1126 3930 1202 4010 esse
1218 3930 1302 4038 opi·

287 4092 373 4168 nor,
404 4068 471 4177 qui
492 4057 667 4147 *breviter
691 4091 735 4145 ac
759 4063 972 4144 luculenter
1000 4083 1088 4168 quae
1113 4055 1182 4163 ipfi
1203 4074 1306 4139 nota·

509 4284 524 4326 1
548 4264 615 4325 Cos.
632 4266 717 4346 nostr.
730 4270 815 4324 MSS.
840 4262 976 4345 Vol.130.
988 4263 1075 4341 p.66.
1126 4270 1129 4275 '

1186 4357 1299 4420 erant
