3000 5075
248 470 326 566 238
513 458 791 543 Wnururcr
832 455 1255 539 Hautmouorn'

229 617 272 682 Α·
291 612 336 678 D·
366 615 408 692 sis
422 618 509 719 Julii
527 617 619 718 quafi
639 615 774 690 duobus
795 614 976 688 milliariis.
1025 618 1070 686 Et
1086 597 1164 686 erat
1179 613 1258 685 dies
1272 615 1364 702 Luna,

238 714 328 828 ‘¹3⁰7'
365 728 425 802 die
441 755 522 803 vero
537 731 664 801 Martis
678 728 848 825 equitavit
861 722 953 824 quafi
966 722 1041 797 duo
1055 724 1221 815 miliaria,
1239 712 1365 799 &inlr
1399 716 1407 775 ·'2

362 837 450 914 feria
466 843 648 942 requievit.
688 842 755 911 Die
771 859 884 911 autem
896 837 1008 935 Jovis,
1033 838 1130 909 venit
1146 834 1246 935 apud
1262 830 1363 909 Barth*

362 949 461 1050 super
474 951 612 1041 Sandes,
636 972 673 1024 et
690 948 741 1023 ibi
764 945 931 1049 disposuit
948 950 983 1020 in
1003 948 1156 1022 crastino
1176 970 1365 1045 permanere.
1396 998 1407 1057 ἰ

263 1108 267 1115 ·
366 1064 473 1135 Erant
487 1059 549 1134 fibi
566 1058 685 1132 modus
701 1066 741 1133 &
757 1056 967 1131 consuetudo
983 1055 1129 1151 singulis
1147 1055 1251 1156 quasi
1272 1055 1367 1131 diebus
1389 1120 1392 1127 .

365 1170 402 1242 in
417 1170 505 1243 letto
514 1170 628 1267 jacere
641 1165 746 1266 usque
758 1167 802 1241 ad
817 1166 935 1238 horam
953 1191 1096 1240 nonam.
1138 1168 1214 1238 Die
1232 1171 1367 1243 verove-
1390 1052 1407 1927 1

301 1338 310 1357 .
366 1281 458 1353 neris
471 1304 549 1354 curn
565 1278 785 1353 eleuaretura
800 1273 866 1351 suis
881 1295 918 1348 ut
930 1273 1188 1366 commederet,
1216 1278 1304 1348 inter
1314 1298 1366 1347 ort·

367 1416 431 1463 nus
455 1370 575 1462 eorum
595 1391 773 1486 expiravit.
815 1380 1078 1483 Transsatusqoe
1104 1385 1154 1458 est
1176 1394 1300 1461 rex⁰ex
1316 1384 1366 1457 hot

364 1496 493 1571 mundo
509 1497 567 1571 die
584 1501 812 1575 transsationis
831 1496 934 1573 saner
956 1497 1107 1571 Thornae
1130 1496 1366 1599 Archiepiscopi

365 1609 404 1677 δι
417 1605 575 1677 martiris.
614 1607 888 1703 Celaveruotque
903 1601 953 1677 sui
970 1623 1122 1678 mortem
1135 1606 1247 1697 regis,
1264 1598 1366 1702 quous·

366 1739 436 1812 que
452 1717 583 1788 veniret
596 1715 689 1790 filius
700 1718 774 1813 ejus
787 1723 825 1790 &
836 1733 1005 1808 magnares
1017 1734 1133 1806 terrae,
1145 1721 1188 1789 &
1203 1716 1365 1788 incarcera-

274 1866 283 1891 .
364 1820 486 1897 bantur
497 1814 610 1915 multi,
620 1829 680 1925 qui
693 1847 839 1898 mortem
850 1827 938 1918 regis
952 1822 1257 1921 ¹predicaverant.
1279 1823 1365 1896 Cum-

366 1957 436 2032 que
458 1931 598 2009 venisset
626 1938 782 2033 princeps
806 1933 899 2008 filius
918 1935 990 2032 ejus
1013 1940 1052 2007 δι
1069 1937 1189 2007 ceteri
1207 1946 1365 2026 magnares,

367 2044 609 2120 ordinaverunt
629 2046 673 2119 de
694 2070 840 2146 corpore
862 2049 963 2140 regis,
985 2045 1083 2146 quod
1107 2071 1173 2145 per
1198 2043 1364 2121 Thesauri·
1403 2056 1407 2183 p

367 2160 456 2230 rium
470 2156 563 2231 suurn
577 2156 771 2259 episcopum
788 2156 922 2230 Cestriae
935 2164 973 2230 &
988 2175 1101 2229 totam
1114 2154 1285 2230 familiam
1295 2153 1365 2228 suan

355 2269 556 2342 'honorifice
571 2269 754 2344 duceretur
768 2267 812 2340 ad
830 2289 941 2367 partes
961 2266 1136 2359 australes,
1161 2282 1366 2369 maneretque

365 2384 403 2453 in
420 2378 555 2452 ecclefia
571 2379 806 2471 religiosorum
819 2380 864 2450 de
876 2377 1062 2470 Waltham,
1076 2377 1198 2453 donec
1209 2380 1366 2454 ordinare·

306 2536 312 2550 ·
365 2512 419 2565 tur
435 2511 566 2563 cerrum
588 2487 631 2561 de
654 2512 743 2563 terra
766 2491 902 2579 Scociae,
927 2509 962 2561 et
977 2509 1113 2564 uacaret
1134 2494 1189 2565 eis
1206 2491 1366 2565 intendere
1402 2476 1407 2558 ἶ

367 2593 561 2696 sepulturae:
580 2600 774 2698 fastumque
785 2602 831 2671 est
845 2605 903 2672 ita.
931 2599 1180 2699 Remansrtque
1195 2630 1298 2677 novus
1309 2628 1365 2690 rex,

366 2730 403 2780 et
418 2714 507 2806 cepit
521 2711 678 2802 homagia
691 2718 727 2784 &
740 2710 924 2783 fidelitates
940 2732 1197 2806 magnatorum,
1216 2724 1255 2790 &
1268 2715 1308 2787 de
1320 2740 1364 2785 eo·

366 2846 442 2895 rum
459 2822 599 2895 confilio
616 2818 784 2919 profectus
798 2826 844 2895 est
861 2820 967 2922 usque
989 2823 1253 2918 Rokesburch]
1278 2836 1313 2903 &
1328 2825 1366 2898 ibi
1380 2839 1383 2850 '

299 3013 302 3020 ,
366 2937 457 3031 cepit
482 2935 662 3025 ²h0magia
680 2932 916 3006 &fidelitates
936 2934 1123 3009 multorum
1143 2963 1366 3034 magnatorum

366 3048 464 3135 regni
481 3047 617 3118 Scotiae.
644 3042 896 3142 Ordinavitque
909 3044 1062 3117 custodes
1077 3048 1115 3117 in
1131 3046 1269 3136 Seoeia,
1282 3054 1366 3120 &re-

366 3154 479 3229 versus
488 3156 544 3228 est.
554 3157 755 3251 Tenuitque
768 3151 1025 3249 parliamentum
1033 3150 1131 3229 suum
1144 3154 1240 3252 apud
1248 3156 1368 3229 North·
1406 3207 1407 3214 κ

365 3288 559 3369 amptonam
572 3271 607 3340 in
622 3265 795 3363 quindena
812 3262 914 3339 sanni
923 3266 1121 3360 Michaelis,
1142 3268 1208 3342 ubi
1224 3272 1370 3367 pracepit

366 3388 404 3453 &
416 3380 529 3451 statuit
541 3379 673 3449 firmam
686 3400 801 3474 pacem
815 3371 936 3448 servari
947 3379 982 3448 in
991 3395 1069 3451 roto
1084 3382 1229 3468 ³rcgno,
1240 3398 1278 3449 et
1290 3372 1368 3475 quod

363 3486 525 3558 statutum
542 3485 762 3575 wincestria,
779 3484 1064 3583 supercommuni
1075 3510 1161 3585 pace
1175 3478 1323 3576 edituro,
1341 3486 1367 3554 in

365 3595 523 3669 omnibus
539 3593 603 3668 suis
618 3592 769 3668 articulis
784 3591 979 3666 servaretur.
1027 3589 1221 3667 Ordinavit
1241 3618 1367 3693 quoque

366 3701 459 3774 diem
476 3699 649 3797 sepulturae
662 3701 839 3801 patrissui,
862 3702 954 3774 diem
972 3696 1106 3773 scilieet
1122 3707 1368 3802 Veneris⁴pro

366 3808 476 3883 xime''
488 3831 567 3882 ante
578 3807 698 3884 festum
708 3812 875 3883 Omnium
887 3807 1084 3882 sanatorum.
1114 3810 1169 3883 Ad
1184 3836 1368 3910 quamcun-

409 4008 660 4113 1Praedicabadt
674 4055 707 4112 Τ.
749 4073 769 4112 2
792 4049 991 4135 Homagium
1005 4054 1040 4114 T.
1083 4052 1323 4139 3Regnosuo‚
1341 4065 1367 4116 et

366 4134 452 4221 quod
465 4141 500 4204 T.
541 4141 669 4224 4Deefl
683 4142 715 4205 in
728 4146 761 4204 T.

1270 4286 1277 4296 '
1322 4301 1365 4352 te·
