3000 5075
128 462 139 485 ⁸
238 513 317 588 ¹74
524 473 788 593 Wnt'rm
826 475 1208 565 Hammonem>

217 640 260 705 A.
277 639 322 707 D.
352 654 420 706 otta
437 632 617 727 differrio'nis
632 642 765 710 numeria
782 638 861 708 inter
871 654 980 729 partes
996 635 1087 731 ipfius
1106 641 1209 727 tegni,
1228 655 1357 729 pretereo,
1395 702 1396 711 ,

222 739 313 802 ¹3⁰⁰·
343 747 401 843 pit
424 766 590 819 metuentes
611 748 746 838 illioque
761 770 851 839 regno
861 745 939 840 poffe
954 746 1102 843 occasione
1121 745 1291 840 wulnodi
1303 767 1360 838 pro·
1393 786 1396 853 p

344 858 496 943 judiciuin
514 861 673 949 generari,
698 880 754 926 oon
774 859 868 926 aliter
894 857 936 925 od
959 873 1050 928 tueou
1069 856 1268 950 presentium
1289 874 1359 928 erma
1392 870 1396 947 p

351 963 439 1057 ipssos
450 967 567 1035 limites
579 969 684 1035 tenire
697 968 866 1049 noluerunt,
884 961 938 1057 aiu
948 981 1005 1054 per
1019 982 1054 1033 te
1065 963 1361 1058 patenti'seriptotu
1383 950 1396 1045 ‚i

350 1095 470 1147 teretur
491 1074 610 1168 eisdem
633 1077 759 1171 quodid
775 1098 830 1145 nott
839 1076 936 1170 deber
953 1100 993 1146 eos
1008 1075 1124 1165 debito,
1144 1076 1207 1172 sed
1222 1103 1264 1149 eoc
1273 1082 1362 1173 gratia
1390 1030 1396 1153 i

343 1181 484 1276 speciali,
507 1188 584 1280 quod
605 1188 721 1256 nodum
736 1186 848 1279 euinde.
864 1183 951 1281 ipsius
973 1190 1061 1277 regni
1077 1187 1279 1258 libertatibus
1290 1186 1362 1280 psffet

350 1297 526 1391 dispendium
541 1302 710 1370 imminere.
746 1298 792 1368 Et
803 1301 934 1385 lieet,ut
947 1298 1073 1386 dicire,
1088 1295 1282 1391 deperdere
1294 1298 1360 1392 ejus·

350 1407 419 1480 dem
430 1414 513 1502 regni
529 1411 649 1493 Scocic,
663 1430 701 1478 et
714 1410 781 1494 eius
797 1409 884 1500 prius
899 1408 1005 1479 delita
1022 1409 1189 1498 timete,
1214 1408 1360 1503 ttgntitd

351 1536 421 1589 remo
442 1536 565 1589 carente
574 1516 703 1614 pressdio
726 1516 921 1610 defensarunt,
939 1519 1106 1613 periples
1130 1526 1226 1613 regni
1241 1544 1361 1615 munes

351 1640 423 1691 tunc
443 1627 528 1695 uelut
547 1629 718 1718 acepdtlot,
742 1645 775 1697 et
790 1629 889 1699 Ducis
907 1630 958 1699 uel
979 1631 1091 1721 aurire
1103 1628 1299 1726 suffragium
1316 1656 1360 1705 utu

351 1733 505 1822 ledentes,
511 1734 573 1829 fite
580 1756 638 1829 pec
648 1736 744 1832 ipsum
761 1741 809 1808 tui
819 1736 940 1830 prefati
956 1742 1043 1832 regni
1059 1744 1216 1834 regimen,
1240 1749 1311 1819 licet
1321 1749 1357 1816 iu·

352 1843 449 1913 dedite
463 1847 569 1915 dicerit
579 1826 722 1944 cotirisssse‚
739 1868 846 1919 contra
859 1868 972 1923 marem
980 1848 1112 1943 solitum
1129 1857 1248 1947 aliqua
1257 1854 1360 1948 fuerint

351 1951 485 2022 hedenus
498 1957 656 2045 innotata,
670 1982 707 2028 ea
723 1976 840 2047 tannen,
857 1976 959 2051 utpote
966 1979 1025 2051 ptr
1037 1964 1103 2032 nint
1119 1981 1158 2032 et
1173 1968 1359 2058 anetum,pui

349 2061 457 2131 cadere
471 2080 614 2155 poterant
631 2070 662 2136 in
683 2067 875 2164 conflantem,
900 2069 1017 2155 elicita,
1042 2088 1253 2160 nequaquam
1269 2074 1359 2145 delent

350 2171 386 2237 da
396 2175 468 2255 jure
478 2174 638 2270 sudssssere,
664 2198 722 2249 aot
737 2182 770 2249 in
786 2178 917 2272 ejusdem
934 2183 1021 2271 regni
1035 2182 1260 2270 prejudicium
1275 2206 1357 2276 geue

349 2283 446 2348 reri?
472 2286 615 2354 Ceterum
630 2287 801 2356 needeteoous
816 2288 900 2366 nolis
917 2288 1001 2356 uenit
1015 2290 1047 2355 in
1064 2288 1213 2380 dubitent,
1231 2298 1305 2384 quia
1312 2314 1357 2387 po

349 2389 411 2454 tius
424 2394 498 2459 certi
508 2390 630 2482 sumtus,
646 2397 724 2486 epuod
737 2403 805 2467 cuni
816 2397 969 2492 apqlolica
978 2397 1057 2491 sedi
1064 2403 1250 2488 precellens
1262 2408 1355 2475 antio

346 2502 422 2567 titas
434 2522 490 2595 per
499 2499 571 2594 ficas
585 2507 694 2577 literas
708 2509 867 2601 inAnglie
883 2533 921 2578 ac
937 2515 1111 2580 Scottorum
1127 2524 1233 2602 regni
1249 2519 1297 2587 oei
1308 2519 1356 2586 eli

345 2619 395 2682 cui
420 2619 579 2707 legationis
604 2623 719 2691 emittit
741 2622 863 2712 officium
880 2622 1102 2712 exequendum,
1129 2628 1182 2694 nel
1201 2646 1262 2716 pro
1283 2633 1357 2721 quali

344 2745 491 2819 tanquam
506 2733 686 2801 rationabile
696 2751 831 2825 reputat,
846 2735 961 2801 decime
966 2731 1151 2824 solutionem
1163 2737 1298 2826 inducit,
1308 2742 1354 2809 lou-

325 2811 467 2929 ‘jusmodi
491 2840 645 2933 apostolice
661 2843 754 2911 litate
771 2844 812 2912 ad
822 2837 952 2932 prefate
968 2845 1077 2910 Scocie
1098 2865 1232 2933 regnum
1251 2844 1353 2938 seali-

341 2968 492 3037 quatenus
515 2977 572 3021 noro
598 2956 776 3040 extendunt,
792 2954 917 3046 speciali
934 2952 1073 3043 pradilia
1094 2952 1180 3045 sedit
1200 2961 1354 3051 privilegio

343 3061 442 3128 Scotis
459 3064 573 3131 indulto
584 3066 700 3154 penitus
715 3062 871 3157 obpacata,
880 3081 935 3153 pro
950 3078 986 3128 nt
997 3079 1131 3152 tempore
1138 3061 1255 3151 felicis
1267 3090 1353 3138 recor·

344 3169 469 3239 dationis
487 3175 620 3244 Adriani
640 3192 735 3267 papo,
757 3171 969 3265 predecessoris
986 3170 1084 3264 nostri,
1111 3174 1300 3266 tonosconlli
1312 3183 1352 3249 A·

342 3279 443 3349 dtiani
456 3284 591 3353 Diatoni
604 3283 783 3367 cardinalis,
799 3278 836 3352 (t
845 3301 899 3373 per
913 3278 1001 3374 ipfios
1010 3278 1089 3370 fedis
1101 3286 1214 3353 literae
1221 3273 1315 3381 fimul
1326 3293 1352 3358 in

342 3394 441 3479 regnis
458 3391 521 3485 ipfis
543 3396 652 3483 legati,
676 3395 765 3478 cujus
776 3389 948 3483 familiaris
974 3409 1048 3460 tunc
1065 3415 1206 3486 eramus,
1233 3406 1354 3494 contigit

341 3500 505 3570 euidenter.
550 3504 634 3571 Nam
650 3505 770 3593 legatus
786 3499 846 3594 ipse
861 3502 902 3569 ad
912 3493 1077 3590 mesalum
1093 3526 1225 3595 regnum
1240 3514 1349 3582 Scotto·

338 3627 406 3677 runt
422 3612 616 3701 aliquatenus
632 3606 750 3699 emissus
768 3632 824 3678 non
841 3610 960 3693 extitit,
978 3609 1069 3677 donec
1080 3629 1139 3701 per
1154 3616 1271 3688 literas
1286 3640 1347 3711 apt·

329 3715 593 3814 stolicasspecialia
599 3719 656 3814 fibi
669 3721 830 3811 legationis
838 3714 907 3806 fuit
920 3720 1102 3809 commissum
1118 3720 1246 3809 odicium
1262 3732 1293 3797 in
1304 3754 1344 3797 eo-

337 3822 416 3899 dem.
451 3835 600 3903 Pteterea
616 3829 690 3922 nosse
701 3827 795 3924 potest
809 3832 893 3919 regia
910 3826 1059 3922 celfitetdo,
1077 3836 1218 3921 qualiter
1231 3862 1345 3931 regnunt

338 3934 432 4025 ipsum
444 3959 498 4030 per
511 3942 591 4011 locati
606 3944 691 4013 Petri
701 3938 830 4033 Apostoli
844 3940 1026 4008 venerandas
1040 3942 1208 4035 reliquias,
1224 3972 1281 4019 non
1287 3948 1343 4044 fine

246 4074 252 4083 ·
331 4041 453 4135 superni
470 4049 542 4119 dono
554 4052 700 4149 muneris,
714 4050 845 4139 ¹gccnao
857 4049 929 4117 dono
942 4047 1170 4144 adqoiflcino&
1184 4057 1342 4153 conoerston

339 4165 1337 4192 mm

575 4256 587 4300 1
609 4243 642 4300 F.
659 4234 777 4318 grande
792 4233 912 4321 donum
926 4233 1102 4317 adquifivit.

1288 4343 1334 4388 ex·
