3000 5075
151 410 156 467 '
386 456 1015 562 PRAEFATIO.
1233 485 1369 541 xxxin

202 666 293 752 gens
309 639 447 725 harum
466 640 696 743 litterarum,
723 639 897 753 mihique
917 641 1173 746 amicissimus,
1194 648 1219 725 ὲ

164 814 168 819 ·
201 769 366 879 collegio
382 767 689 878 Magdalenensr.
732 774 772 850 Is
788 764 922 849 sedulo
937 769 1120 874 contulit,
1133 769 1221 852 sub·

199 894 287 979 inde
305 915 443 976 tamen
460 893 620 975 consilio
634 893 769 974 nostro
782 915 899 1001 atque
917 923 996 1001 ope
1012 895 1108 980 usus.
1155 904 1220 980 ln·

199 1022 587 1109 terimdiffitendum
606 1021 774 1121 nonest,
803 1019 991 1128 aliquibus
1009 1020 1050 1102 in
1074 1021 1170 1102 l'ocis
1194 1024 1221 1104 ὸ
1352 1027 1357 1035 ’

198 1148 351 1235 Codice
366 1146 677 1260 cantabrigiensi
694 1174 769 1226 nos
786 1145 978 1225 uariantes
1005 1145 1219 1229 adhibuisse

197 1274 402 1381 lestiones,
431 1277 539 1363 sicuti
558 1289 599 1362 δε
625 1276 666 1356 in
692 1274 773 1354 vita
792 1270 961 1354 Eduardi
981 1279 1012 1351 Ι.
1028 1273 1220 1384 Heming-

197 1400 382 1489 sordiann
399 1405 610 1487 hTanneri
625 1401 763 1484 itidem
778 1398 926 1481 schedis
940 1399 1220 1506 quamplurima
1256 1462 1259 1468 ·

199 1520 452 1631 extraximus,
483 1555 572 1637 quae
587 1529 673 1609 loca
693 1526 875 1634 perplura
890 1551 970 1604 non
990 1543 1141 1603 tantum
1161 1522 1220 1604 sa·

198 1648 325 1756 niora,
354 1650 421 1737 sed
448 1666 488 1737 &
518 1681 797 1764 nonnunquam
823 1649 1014 1758 ampliora
1038 1650 1218 1731 reddent,

199 1779 251 1856 At
282 1779 324 1859 in
352 1778 425 1862 illis
454 1779 603 1862 schedis
627 1781 891 1862 Tannerianis
915 1779 992 1859 vim
1016 1777 1218 1887 ingentem

198 1899 272 1982 else
292 1901 552 2010 sphalmatum
576 1904 712 1985 lubens
737 1902 920 2014 agnosco,
948 1892 1108 2010 quarum
1133 1900 1218 2009 ple-

198 2029 333 2138 rasque
357 2030 524 2138 proinde
541 2035 565 2111 lt
584 2031 697 2112 nobis
724 2029 991 2138 praetermiffas
1016 2048 1133 2136 atque
1155 2029 1219 2109 in·

201 2157 327 2241 tasas
343 2159 420 2240 effe
439 2154 533 2240 scias
550 2157 678 2237 velim.
716 2156 774 2237 uti
804 2177 845 2235 et
870 2152 946 2234 hoc
970 2179 1126 2261 quoque
1146 2181 1219 2234 no.

177 2326 182 2347 ι
201 2281 393 2387 tandum,r
408 2282 565 2366 schedas
586 2283 666 2364 illas
682 2277 868 2361 ecodice
883 2269 1157 2387 quodam'MS.
1176 2279 1218 2360 in

201 2405 447 2491 Bibliotheca
463 2405 674 2491 Bodleiana
690 2402 798 2487 fuiffe
812 2403 1012 2484 conflatas.

250 2539 397 2626 §.va
418 2538 603 2617 Ceterum
618 2553 660 2613 et
673 2529 749 2611 alia
762 2528 864 2632 sunt,
878 2556 966 2639 quae
979 2528 1029 2612 de
1040 2527 1218 2610 Tanneri
1274 2533 1276 2538 ’
1336 2601 1340 2617 ,

201 2653 406 2764 diligentia
426 2657 543 2741 decet
559 2678 603 2741 ut
626 2658 692 2739 hle
715 2654 899 2738 dicamus.
939 2658 1047 2735 Dum
1066 2654 1125 2738 vir
1141 2655 1219 2757 cla-

202 2777 364 2863 rissimus
389 2779 597 2863 admodum
623 2775 807 2861 sollicitus
830 2798 915 2860 erat
940 2776 991 2859 de
1018 2777 1220 2863 Historicis
1377 2874 1379 2878 ,

204 2906 345 2987 nostris
356 2903 731 3016 antiquis‚Codicem
745 2878 941 3012 quendam
950 2904 1221 3007 Polyclitonici

202 3049 344 3116 mutuo
365 3030 517 3139 accepit
544 3030 594 3111 ab
618 3028 745 3111 amico
771 3027 942 3137 quodam
967 3027 1049 3130 suo,
1076 3031 1117 3109 in
1137 3060 1220 3140 quo

201 3155 428 3239 chronicam
450 3155 500 3236 de
521 3156 635 3237 rebus
653 3153 768 3263 gestis
784 3151 953 3235 Eduardi
975 3158 1035 3233 III
1054 3152 1219 3235 invenit.
1325 3197 1331 3210 ·

200 3269 635 3389 HancHemingsordio
654 3277 955 3364 subneslendam
980 3276 1056 3357 effe
1073 3280 1219 3361 merito

195 3406 400 3515 judicavit.
437 3409 569 3518 Qum
582 3406 636 3486 ob
648 3404 810 3487 caussam
822 3406 953 3512 &ipse
969 3412 1218 3514 quoqueHef
1243 3411 1245 3418 ’

204 3529 447 3643 mingsordio
459 3529 646 3641 subjunxi.
675 3535 762 3618 Nec
777 3552 907 3613 tamen
920 3528 1118 3632 diffiteor,
1131 3533 1219 3611 asta

202 3682 395 3740 annorum
410 3653 654 3765 quorundam
669 3653 808 3739 deesse.
847 3657 949 3765 Qae
963 3656 1053 3733 sane
1067 3654 1219 3737 omissio

201 3807 323 3887 quum
349 3780 419 3889 ipsr
449 3781 598 3863 auslori
620 3779 740 3862 dubio
767 3780 902 3887 procul
927 3777 971 3860 fit
996 3780 1217 3882 tribuenda,

202 3902 299 3985 nihil
316 3903 516 4012 prohibet,
536 3932 616 4013 quo
641 3905 779 4005 minus,
803 3903 1028 4010 opusculum
1049 3904 1216 3988 auctoris

203 4026 348 4114 soetum
371 4032 448 4142 else
471 4031 698 4140 genuinum,
724 4028 966 4136 suspicemur.
1024 4032 1218 4142 Qaecun·

202 4182 276 4270 que
293 4154 561 4246 desiderantur
574 4182 623 4241 ex
640 4156 721 4242 aliis
736 4154 985 4263 scriptoribus
1001 4154 1114 4238 facile
1131 4152 1216 4259 sup·
1269 4191 1272 4204 ·

262 4309 268 4332 ·‘
886 4317 891 4324 ·
1065 4324 1069 4330 ·
1120 4279 1220 4386 pleri
1303 4320 1306 4325 ·
