3000 5075
234 520 312 617 258
413 488 1310 607 mnsmnononntnnsQin-nn

218 676 260 741 A·
280 671 325 735 1),
359 664 415 739 na,'
436 653 639 739 Numanum,
661 652 857 743 Aquitannia
872 645 1067 723 &Piliutio
1078 668 1272 744 preceptores
1285 653 1368 738 mrim

227 773 317 837 ¹31¹·
357 788 405 834 ros
417 764 555 835 Piilaoia
571 763 652 832 nobis
666 760 857 856 eripientibus
872 761 1054 832 mandamus
1062 759 1245 854 presentari
1254 793 1266 848 3
1292 752 1369 833 tribu

357 891 462 944 autem
479 873 596 942 lilellis
611 856 688 962 filiis
706 869 810 966 opinis
827 867 1047 941 cardinalibus
1064 867 1275 962 presentibus,
1296 873 1372 942 tituli

221 1027 224 1033 ·
348 979 449 1087 sandi
464 983 559 1054 Nerei
580 977 619 1054 (t
639 979 786 1069 Achillei,
811 977 850 1052 (r
874 982 964 1050 tituli
980 977 1087 1072 Jonlii
1113 983 1237 1053 Siriuci
1258 982 1372 1052 internis

349 1093 540 1187 presbiteris,
562 1114 599 1162 uc
615 1089 810 1182 Leibanoi,
829 1087 859 1180 fi
879 1091 1014 1181 Anglia,
1038 1091 1184 1160 Diacono
1201 1092 1371 1163 Curiinuli·

355 1203 409 1273 bus
433 1202 487 1287 (la
502 1221 628 1294 quorum
639 1196 858 1291 prudentia&
873 1201 1064 1290 experientia
1080 1215 1113 1269 et
1117 1199 1280 1293 fidelitate
1291 1199 1370 1269 inin·

355 1314 638 1408 bitatamfiluciam
650 1312 832 1403 obtinemus)
848 1314 1065 1383 committimus
1081 1307 1122 1385 b
1133 1298 1327 1400 mandamus,
1338 1329 1368 1382 rt

356 1423 407 1519 ipfi
423 1448 493 1495 eum
501 1419 626 1514 prefato
642 1419 779 1516 magiliro
796 1417 835 1493 b
843 1420 1066 1513 preceptoribus
1079 1439 1150 1519 tum
1160 1426 1270 1492 comr'a
1281 1424 1368 1515 inqui·

355 1554 459 1608 rorent
475 1552 507 1605 et
522 1536 603 1604 alias
612 1532 780 1633 fingulares
792 1530 943 1626 parsmos'
953 1533 1024 1602 billi
1040 1533 1155 1604 ordinis
1171 1536 1366 1625 generalitor,

355 1668 449 1738 quom
466 1645 563 1714 etiarn
580 1659 683 1712 contra
699 1640 794 1734 ipsum
814 1642 946 1712 orlincm
961 1639 1058 1734 'super
1074 1641 1237 1735 pramiffos
1252 1644 1367 1736 diliger-

354 1760 420 1825 sius
442 1758 618 1841 ueritatem,
644 1775 745 1824 coram
759 1753 864 1846 quibus
879 1753 960 1822 ileon
977 1751 1120 1848 magister
1137 1771 1172 1824 et
1188 1772 1364 1847 preceptores

354 1866 494 1955 majores,
509 1865 546 1934 le
562 1884 676 1957 magna
687 1857 726 1934 (t
737 1865 830 1955 plenu
840 1863 971 1934 raritate
981 1863 1114 1934 licentia
1130 1865 1174 1934 ab
1187 1867 1235 1934 eis
1246 1883 1364 1957 corporu-

352 1977 424 2045 liter
432 1971 559 2069 prestito
566 1970 971 2067 juramentussngulariteo,
983 1970 1079 2042 libere
1090 1993 1132 2042 uc
1139 1975 1262 2068 sponte,
1272 1973 1364 2068 absone

353 2089 549 2158 roaribatione
565 2084 703 2175 quolibet
716 2079 892 2173 &terrore‚
909 2107 1009 2156 anam
1025 2083 1094 2180 ipfis
1110 2089 1213 2158 tribus
1223 2085 1363 2159 Corbion-

351 2199 429 2268 libus
449 2199 598 2291 unoque
611 2195 818 2266 tabellionibus
831 2195 972 2286 publicis,
998 2192 1037 2268 b
1050 2198 1166 2267 multis
1182 2199 1259 2269 aliis
1277 2197 1365 2291 probis

353 2308 423 2377 oiri
435 2304 630 2396 deposnerunt
645 2301 957 2398 minorennium,
969 2308 1049 2374 inter
1063 2323 1188 2394 cetera,
1202 2305 1310 2403 Cbripii
1321 2305 1364 2376 ab
1402 2328 1405 2423 p

352 2416 539 2507 negationem
552 2432 583 2483 et
590 2415 769 2507 spuitionem
777 2412 870 2505 super
881 2436 1002 2484 crucem
1015 2437 1083 2484 cum
1096 2416 1133 2484 in
1144 2417 1284 2488 ordinem
1298 2435 1361 2486 ter·
1401 2428 1405 2509 l

347 2529 393 2619 pli
411 2528 524 2620 recepti
532 2525 661 2618 suerint.
698 2528 745 2597 Et
761 2526 886 2619 quidam
896 2551 934 2595 ex
946 2525 989 2594 eis
999 2523 1056 2619 sub
1073 2527 1186 2600 eadem
1193 2525 1362 2619 formaba-
1402 2516 1405 2558 ¹

347 2653 415 2706 tres
430 2640 572 2726 plurimos
587 2632 749 2726 recepiffe:
768 2633 842 2726 soant
858 2638 952 2706 etiam
967 2635 1097 2729 quidam
1115 2662 1157 2707 ex
1180 2639 1228 2710 eis
1246 2638 1361 2733 quclsn

352 2750 418 2816 alia
435 2748 588 2817 borribiliu
602 2742 640 2817 ά
653 2746 803 2841 inhonesta
819 2743 946 2839 consola,
963 2769 1040 2836 qua,
1066 2766 1103 2817 ut
1120 2773 1231 2822 eorum
1250 2752 1291 2822 ab
1300 2771 1361 2843 pru·

351 2857 424 2950 sens
435 2877 602 2948 parcamus
615 2859 808 2945 uerecundia,
822 2856 1016 2950 subticemus.
1053 2858 1120 2927 Nos
1135 2860 1235 2950 igitrn
1250 2865 1360 2933 nolentes

346 2967 526 3061 superbiis,
536 2988 627 3059 prout
640 2971 680 3040 ul
691 2972 876 3063 ousiosim,
891 2992 1054 3060 congruum
1067 2973 1243 3043 remelium
1256 2972 1360 3043 abbibo·

352 3102 397 3164 re,
414 3082 597 3148 aulloritate
612 3076 764 3173 apostolica
778 3078 936 3173 bistniiiius
951 3078 1132 3165 inhibemus,
1158 3089 1197 3150 n'e
1216 3080 1360 3173 uliquile

354 3206 453 3259 cetero
465 3187 574 3279 ciselam
586 3192 758 3282 templariis
773 3191 822 3261 uel
837 3210 940 3259 eorum
955 3186 1051 3257 blicui
1060 3186 1202 3279 scienter
1219 3189 1359 3281 reipubli-

352 3322 387 3369 oe
402 3303 451 3372 ool
469 3305 584 3372 occulte
599 3302 747 3372 auxilium
759 3298 882 3393 prostes,
906 3297 1055 3393 confilium
1080 3303 1131 3369 nel
1145 3296 1298 3389 fauorem,
1314 3296 1360 3393 ssu

352 3408 438 3481 aliis
453 3411 528 3503 ipsos
543 3413 591 3482 nel
606 3414 741 3503 aliquem
754 3434 854 3483 eorum
869 3407 1087 3502 receptareseu
1100 3414 1254 3500 retinere,
1264 3428 1314 3482 aut
1324 3411 1359 3479 ris
1403 3457 1405 3498 2

344 3520 456 3613 fauere
462 3519 636 3614 prasumat,
647 3520 703 3613 sed
719 3548 768 3593 eos
782 3518 1083 3616 tanquamsuspeibos
1096 3523 1135 3593 de
1149 3523 1249 3620 berefi
1263 3528 1358 3597 omnim
1402 3505 1405 3590 i

351 3629 482 3706 benitei:
505 3635 686 3705 mandantes
709 3636 901 3705 nibilominus
915 3633 1021 3702 euclem
1036 3637 1230 3705 auiloritate
1247 3635 1357 3707 omnibns

342 3743 482 3841 fingulis,
493 3744 690 3841 ecolefiasliois
692 3744 881 3837 secularibus
888 3742 1037 3836 parionis,
1053 3765 1167 3814 necnon
1179 3747 1358 3839 principibus,

351 3856 518 3943 comitibus,
532 3855 694 3942 baronibus,
709 3856 864 3940 nobilibus,
881 3852 1027 3925 militibus
1045 3849 1086 3923 (θ’
1096 3857 1228 3945 plebeis,
1247 3882 1284 3929 ac
1295 3880 1359 3928 tom·

350 3964 550 4035 munitoribus
567 3966 739 4053 ciuitatum,
753 3963 923 4060 castrorum,
933 3963 1077 4035 villanum
1090 3958 1130 4034 (t
1146 3968 1359 4040 aliornmloco-

267 4143 270 4158 ,
349 4091 431 4155 rum,
444 4090 594 4160 quatenus
606 4076 696 4145 lilios
709 4079 882 4168 templarios
898 4077 1035 4165 capiant,
1052 4068 1092 4145 (t
1107 4101 1162 4147 eos
1181 4081 1312 4152 locorum
1322 4102 1359 4149 or·

348 4180 539 4277 linorinfine
547 4185 722 4275 dificultate
732 4187 868 4280 qualibet
877 4190 1026 4281 assignaoe
1037 4210 1076 4259 ac
1090 4191 1221 4266 traslrre
1231 4218 1291 4266 non
1296 4190 1358 4289 popi-

164 4377 344 4513 ι
1317 4322 1358 4395 i
