3000 5075
379 424 1014 576 inaurato
1245 495 1338 551 xm

183 650 440 760 sponderent,
467 653 605 737 &illas
628 651 801 737 fimiliter
819 654 861 739 in
885 654 1053 763 capitula
1081 653 1206 764 dispe·

182 778 342 861 scendas
361 780 439 893 effe
461 779 662 889 judicavit,
689 781 974 891 quodlibetque
994 782 1255 889 capitulum
1349 822 1352 830 =

184 904 370 990 lemmate
388 932 546 1016 quoque
559 906 856 1018 insigniendum.
903 909 986 1011 Ast,
1010 907 1118 1017 quod
1138 908 1209 994 do·

181 1031 360 1139 lendum,
394 1033 486 1117 dum
509 1033 611 1115 serio
636 1060 682 1116 ac
698 1032 938 1145 diligenter
928 1060 970 1112 m
988 1029 1109 1114 hocce
1134 1030 1209 1113 stu·

182 1150 291 1238 dum
318 1160 524 1264 incumbit,
552 1158 657 1241 diem
681 1160 782 1262 obit,
808 1155 927 1269 eopse
949 1154 1094 1238 scilicet
1111 1176 1210 1238 tem·

179 1306 294 1388 pore,
320 1313 404 1394 quo
421 1286 563 1368 lemma
581 1285 754 1367 affixerat
769 1283 942 1391 capitulo
961 1280 1029 1384 illi,
1062 1282 1105 1364 in
1126 1311 1209 1392 quo

181 1407 313 1518 agitur
326 1411 378 1492 de
394 1409 600 1520 sponfione
615 1411 853 1493 matrimonii
843 1408 1034 1491 Edvardi
1049 1408 1098 1489 de
1110 1416 1206 1494 Car·

181 1559 435 1618 narvoncum
448 1541 688 1619 Francorum
699 1537 822 1646 Regis
836 1534 1108 1631 filialsabella;
1123 1563 1204 1643 quo

183 1654 324 1740 itidem
339 1678 519 1768 tempore
533 1661 584 1744 de
598 1660 703 1741 bello
719 1650 773 1741 de
787 1659 920 1763 Crelly
939 1662 1108 1743 tractare
1122 1689 1205 1744 coe·
1235 1750 1238 1756 .

179 1806 308 1890 perat.
353 1787 444 1868 Nos
468 1784 561 1867 sane
583 1785 759 1866 membra
790 1786 1061 1891 (lemmatibus
1074 1784 1206 1869 distin·

179 1909 269 2013 sta)
295 1907 404 1993 haud
423 1910 565 1994 secusa
584 1911 696 1993 nobis
716 1930 836 2020 atque
849 1910 900 1991 ab
914 1910 982 1991 illo
995 1911 1140 2017 partita
1159 1938 1205 1997 ac

179 2029 400 2138 distributa,
425 2033 569 2144 ubique
586 2034 826 2136 retinuimus,
854 2060 981 2142 neque
991 2033 1204 2119 Codicibus

178 2159 296 2237 MSS.
314 2156 450 2240 invitis
465 2157 649 2240 lemmata
662 2158 739 2240 ulla
754 2157 952 2263 membris,
979 2158 1201 2267 quomodo-

178 2306 331 2392 cunque
352 2282 490 2367 eadem
515 2282 833 2386 desiderantibus,
860 2283 1017 2394 affigere
1044 2285 1202 2393 placuit.

177 2405 317 2490 Habes
330 2404 380 2488 de
389 2404 537 2489 Codice
547 2406 826 2491 Arundelliano
837 2403 996 2514 aliisque
1007 2408 1203 2520 Heming·
1314 2432 1320 2441 ·

180 2529 306 2616 furdii
322 2532 535 2618 Codicibus
557 2535 714 2619 vetustis
730 2538 840 2617 ΑΒ.
867 2539 925 2614 M.
934 2534 1018 2614 CC.
1029 2535 1199 2643 XCVII.

176 2662 417 2767 terminatis,
438 2660 551 2743 aliter
566 2680 685 2771 atque
703 2662 745 2744 in
770 2661 969 2769 prooemio
986 2658 1198 2768 proposue-

173 2802 241 2866 ret
256 2785 408 2885 auctor,
434 2781 718 2894 quidsentiam.
774 2783 993 2894 Adiungam
1009 2784 1128 2864 etiam
1145 2784 1198 2867 de

178 2908 354 3015 partibus
363 2906 468 2991 illum
480 2935 627 2993 annum
638 2906 1078 3017 excipientibussnobis
1089 2909 1199 2993 cmis-

174 3030 237 3139 fis,
264 3050 311 3115 ut
339 3052 384 3115 te
401 3032 535 3115 labore
554 3033 692 3136 lovem,
719 3059 848 3141 neque
874 3030 1012 3113 frustra
1038 3031 1199 3115 anobis

175 3157 388 3267 quicquam
417 3155 630 3267 exspedtes,
662 3158 769 3270 quod
791 3157 960 3241 Codices
985 3161 1098 3239 MSS.
1113 3186 1198 3243 non

173 3280 468 3364 conservarunt.
511 3290 638 3396 Pergo
655 3285 786 3397 igitur.

229 3414 339 3501 §.XL
368 3406 580 3520 Qidnam
604 3411 819 3496 remedium
843 3408 1068 3513 Codicibns,
1096 3420 1195 3519 quos

177 3524 267 3634 dixi,
297 3529 497 3614 historiam
521 3536 750 3642 imperfecte
777 3535 1019 3618 tradentibus
1046 3537 1194 3618 inveni·

174 3656 748 3773 rem,diu‘apudmeeogitavi.
785 3660 968 3743 Tandem
981 3658 1086 3765 sensi,
1100 3662 1195 3743 ami·

174 3804 263 3861 cum
285 3783 482 3888 optimum
511 3786 873 3897 cantabrigiensem
897 3783 1095 3867 Thomam
1123 3790 1194 3866 Ba-

174 3900 312 3985 kemm
329 3903 610 3990 consulendum
627 3914 713 3993 effe.
755 3910 795 3992 id
810 3909 919 4018 quod
934 3909 1067 4015 reapse
1084 3904 1193 3990 fani-
1244 3932 1246 3936 ·

175 4028 268 4115 tavi.
307 4030 488 4112 Intellexi
502 4028 683 4134 scilicet,
673 4060 714 4114 m
731 4031 881 4115 Codice
897 4032 1067 4141 quodam
1081 4038 1164 4113 MS
1165 4053 1192 4118 ⁰.

172 4137 424 4249 bibliothecae
439 4154 599 4284 collegii
614 4158 829 4256 Trinitatis
837 4157 1101 4269 Cantabrigiae
1115 4164 1194 4239 He-

1070 4273 1197 4406 ming·
