3000 5075
201 503 255 580 ²4
445 444 749 583 Wun'rrrrr
793 461 1172 545 Hatrruotonn

176 612 219 699 Α.
239 632 284 698 D.
318 621 449 697 ibidem
467 612 599 713 ingredi
623 614 700 689 sunt
720 619 789 691 Vll
810 612 868 686 die
884 616 995 716 Junii,
1020 607 1251 705 fugientibus,
1274 612 1328 710 qni

184 730 273 795 ¹²9¹·
315 753 484 832 poterant,
508 754 568 827 per
586 750 678 799 mare
697 728 732 797 in
755 725 922 823 Cyprum,
945 745 1221 818 corrueruntque
1236 720 1328 793 multi

314 847 352 918 in
370 843 428 916 illa
440 842 512 932 die,
529 845 619 912 inter
633 864 719 936 quos
731 858 768 910 et
781 836 943 928 Magister
955 834 1105 908 Miliciae
1116 833 1263 931 Templi
1277 858 1329 904 oe·

319 953 411 1028 cisus
423 954 480 1026 est.
523 948 718 1046 Sedatoque
733 945 848 1037 furqre
864 945 936 1043 post
949 942 1109 1034 biduum,
1127 940 1331 1043 placatusell

321 1069 360 1139 in
373 1082 468 1161 parte
478 1058 642 1134 Soldanus
652 1077 794 1158 optenta
804 1055 956 1127 viatoria.
976 1059 1109 1128 Etcum
1117 1051 1331 1142 deliberaret,

322 1172 410 1270 qnid
426 1170 469 1244 de
482 1169 682 1244 Christianis
695 1165 834 1241 reliduis
852 1164 967 1254 'eliet,
983 1160 1035 1238 sui
1049 1162 1260 1237 execrabiles
1273 1186 1330 1261 po·

320 1285 394 1384 puli
410 1286 484 1358 loca
506 1280 631 1356 sacrata
649 1299 684 1353 et
701 1276 853 1352 ecclellas
872 1284 950 1350 Deo
965 1276 1140 1374 dedicatas
1155 1274 1329 1350 adulteriis

317 1418 354 1471 et
367 1396 485 1492 stupris
498 1394 800 1493 prophanaverunt,
811 1389 1033 1491 videntesque
1046 1392 1328 1483 christianteun
1347 1466 1349 1473 ,

316 1506 479 1580 uxoribus
491 1530 527 1579 et
538 1504 672 1578 filiabus
685 1504 766 1578 talia
779 1507 979 1602 perpetrati,
991 1507 1213 1607 comunicato
1224 1496 1329 1575 eonfi-

317 1620 369 1695 lio
383 1640 418 1693 et
432 1618 635 1715 reaffumpto
649 1615 769 1715 spiritu
782 1639 895 1716 portas
907 1613 1097 1690 clauserunt
1111 1618 1285 1705 Civitatis,
1297 1635 1330 1686 et
1365 1652 1369 1665 ·

318 1734 420 1807 armis
442 1730 614 1832 allumptis
638 1754 715 1803 curn
732 1729 859 1827 viribus
874 1733 1012 1803 circiter
1025 1737 1070 1807 V.
1089 1730 1199 1804 millia
1215 1730 1328 1804 Thur·

317 1870 450 1936 corum,
462 1848 523 1945 qui
536 1842 623 1917 infra
638 1869 750 1918 muros
764 1847 961 1935 extiterant,
975 1865 1209 1940 peremerunt,
1219 1846 1328 1916 conti·

197 1991 202 2001 ¹
318 1984 389 2031 nuo
404 1955 438 2030 se
450 1956 628 2035 eredentes
643 1960 726 2029 mari
740 1982 819 2030 cum
830 1953 964 2054 scaphis
980 1976 1016 2028 et
1029 1956 1170 2031 navibus
1180 1954 1326 2029 reliduis.

318 2072 403 2166 Qo
419 2074 569 2164 cognito,
590 2070 756 2145 Soldanus
774 2074 900 2143 iterum
921 2067 1077 2143 accensus
1092 2072 1130 2142 in
1146 2072 1328 2145 Civitatem

321 2187 437 2274 irruit,
461 2205 496 2254 et
512 2207 585 2254 earn
603 2179 693 2280 quast
702 2185 745 2268 jn
761 2179 925 2256 nichilum
942 2181 1114 2274 redigens,
1138 2207 1227 2280 quos
1241 2187 1328 2271 inve·

318 2294 392 2363 nire
415 2311 546 2388 poterat
566 2293 722 2390 peremit.
770 2291 843 2385 Qi
859 2289 998 2364 tandem
1017 2294 1137 2364 Rumor
1157 2317 1237 2365 cum
1259 2297 1328 2367 Do-

318 2401 403 2472 mini
422 2402 517 2496 Papae
535 2401 654 2469 intima
671 2397 785 2470 cordis
804 2396 971 2496 profunda
991 2397 1208 2496 penetralia,
1234 2398 1327 2472 miffit

192 2497 195 2500 ‚
319 2519 381 2585 ²&
400 2507 550 2585 universa
568 2514 689 2601 Regna
703 2506 768 2584 suis
783 2509 941 2609 epistolis,
967 2511 1131 2608 quesivit,
1152 2509 1327 2611 quomodo

319 2626 427 2698 Terra
439 2626 557 2697 Saniia
569 2617 676 2720 pollet
690 2642 885 2716 recuperata
902 2619 1101 2695 conservari.
1136 2630 1176 2697 ln
1194 2622 1327 2720 fingnlis

316 2756 430 2807 autern
454 2734 733 2832 Metropolitanis
753 2731 910 2808 Ecclefiis
922 2733 1056 2808 ‘fadum
1076 2735 1245 2836 estsuper
1265 2738 1325 2811 hoc

320 2969 464 3057 aggredi,
475 2968 605 3052 adoriri,
619 2972 783 3056 invadere,
797 2975 831 3035 in
845 2973 982 3056 aliquem
996 2975 1185 3057 immittere,
1200 2975 1325 3063 quodsu-

318 3070 397 3130 ciaat
415 3064 650 3146 attachiatores,
671 3066 717 3125 ita
731 3069 908 3128 exroatrarr'o
922 3068 1073 3128 retaciare
1091 3067 1169 3129 idem
1189 3067 1244 3150 effe
1259 3066 1331 3155 qerd·

316 3157 515 3239 refugere&
535 3156 574 3217 ab
594 3154 851 3219 attachiatoribus
870 3155 966 3240 ped'es
985 3158 1158 3222 retrahere.
1196 3159 1283 3224 Adeo
1297 3175 1327 3224 et

317 3247 430 3335 repulsr
434 3263 489 3328 pro
498 3249 747 3327 interpretamento
759 3247 917 3331 habuerim,
927 3249 1125 3329 interpolatori
1134 3247 1325 3335 adscribendo,

316 3344 366 3427 qai
379 3362 435 3403 non
450 3353 560 3402 tantum
575 3337 719 3401 hincinde
733 3340 892 3422 permulta,
914 3362 952 3403 err
965 3340 1032 3403 aliis
1046 3337 1192 3423 desumpta
1206 3345 1325 3409 artiori·

314 3424 380 3514 bar,
394 3429 536 3492 addiderit
549 3444 635 3513 atque
643 3428 863 3515 inferlerit,sed
871 3428 910 3502 ὠ
923 3432 1001 3521 ipfius
1015 3434 1232 3522 Hemingfordii
1240 3437 1326 3501 verba

315 3522 360 3587 ad
367 3522 517 3585 arbitrium
522 3524 743 3602 permutaverit.
770 3531 840 3586 Non
853 3526 891 3608 est
905 3538 1015 3608 tamen,
1029 3523 1212 3609 quodvoeenr
1221 3529 1276 3592 vel
1282 3544 1324 3594 at·

317 3616 435 3680 taciare
445 3613 787 3699 velretaciarespernar,
801 3638 886 3699 qaam
896 3616 1086 3695 dabioprocal
1093 3617 1113 3680 ἃ
1123 3620 1254 3705 Tascia,
1272 3622 1325 3685 tri·

316 3710 429 3783 butum
441 3708 606 3788 denotante,
621 3710 757 3790 originem
764 3705 926 3792 fiampserit.
957 3715 1326 3803 Itaqueantiquitur‚ficrti

206 3818 211 3823 ·
318 3803 370 3886 qai
378 3801 523 3865 denarios
533 3802 641 3863 tributi
651 3799 772 3882 (tascias
780 3801 909 3881 vocatos)
921 3801 1051 3882 lebenter
1055 3799 1215 3885 sirloebant
1224 3806 1324 3873 taciati

310 3892 524 3981 fiveattaciati
538 3890 716 3974 dicebantur,
734 3894 779 3955 ita
794 3888 833 3961 (γ’
847 3892 902 3974 itti,
920 3895 971 3975 qai
984 3889 1116 3979 ejusmodi
1125 3896 1260 3963 denarios
1266 3899 1323 3986 sel·

318 4004 389 4047 vere
397 3984 544 4067 nolebant,
559 3984 726 4047 retaciatos
740 3983 931 4065 appellabant,
974 4004 988 4047 1
1011 3983 1112 4069 Adde,
1132 3987 1322 4074 faciendum,

316 4095 378 4138 eurr
397 4079 430 4139 T.
471 4097 491 4140 2
510 4082 552 4139 L.
568 4072 619 4139 ad.
648 4087 737 4159 atque
754 4076 799 4142 ita
821 4071 943 4158 reposuit
959 4083 992 4141 ira
1007 4082 1046 4141 0.
1062 4076 1099 4142 cl.
1113 4081 1321 4167 Stidirgfletrt.

317 4160 376 4228 Sed
385 4182 441 4248 per
453 4165 575 4229 tauta.

1234 4286 1320 4358 Con·
