3000 5075
162 500 297 559 mm
498 428 1139 583 PRAEFATlo

148 746 149 751 Ν
314 655 476 758 Galeus,
497 684 585 739 cum
608 657 758 743 Codice
778 656 916 739 itidem
936 656 1218 740 Arundelliano
1238 644 1333 739 con·

313 782 452 885 tulisse,
465 782 715 892 plurimisque
732 784 773 864 in
785 782 880 865 locis
897 781 1129 863 emendasse.
1166 780 1207 863 id
1226 778 1334 890 quod

314 903 487 1014 ingenue
513 905 714 1007 fateberis,
743 904 772 988 s1
797 910 929 990 Notas
956 905 1105 987 nostras
1123 903 1165 985 in
1186 902 1334 984 dietam

318 1052 473 1140 partem
500 1033 766 1143 perpenderis,
794 1035 835 1118 in
862 1030 1113 1142 Appendice¹
1134 1031 1201 1116 hic
1231 1028 1336 1113 infra

218 1210 220 1219 ‹
304 1155 518 1240 subnexas.
573 1158 727 1270 Dignas
755 1159 861 1242 enim
878 1157 1145 1271 judicavimus,
1172 1181 1260 1266 quae
1276 1173 1335 1237 te·

154 1322 157 1338 «
320 1306 408 1364 cum
427 1284 772 1367 cbmmunicentur.
1008 1346 1010 1358 .

376 1413 468 1497 §;X.
498 1404 573 1487 Sed
585 1406 656 1516 qul
674 1407 732 1507 fit,
756 1405 921 1514 inquies,
938 1424 984 1486 ut
997 1405 1161 1514 abrupte
1176 1403 1334 1486 annales

317 1526 379 1610 il'ti
399 1532 670 1636 terminentur,
700 1530 844 1613 tamin
865 1527 1013 1612 Codice
1035 1529 1333 1637 Arundelliano,

316 1673 432 1757 quam
451 1663 491 1734 &
504 1651 543 1734 in
558 1651 639 1734 aliis
651 1651 862 1734 Codicibus
879 1649 1182 1761 Hemingfordii·
1194 1650 1336 1733 veteri·

316 1768 401 1874 bus,
428 1801 479 1856 ne
494 1774 649 1881 quidem
669 1775 738 1857 illo
760 1774 846 1883 ipso
862 1793 1042 1880 excepto,
1069 1801 1151 1882 quo
1165 1772 1254 1855 usus
1278 1773 1336 1855 est

315 1896 511 1980 Lelandus
524 1907 564 1980 ²?
617 1900 704 2008 Ql
721 1899 767 1980 sit
784 1899 918 1999 etiam,
943 1915 987 1979 ut
1006 1895 1195 2006 ejusmodi
1213 1894 1335 1978 Codi-

140 2053 142 2056 ’
297 2097 298 2101 .
315 2046 380 2101 ces
396 2021 445 2102 ad
465 2049 610 2104 annum
626 2023 815 2106 duntaxat
827 2030 885 2104 M.
897 2022 982 2103 CC.
993 2022 1163 2108 XCVII.
1175 2021 1335 2105 annales

315 2146 585 2254 perduxerint,
613 2177 731 2258 quum
760 2159 893 2230 tamen
921 2145 963 2229 in
988 2149 1190 2255 prooemio
1213 2143 1334 2231 fidem

316 2272 566 2358 obstrinxerit
580 2296 708 2380 autor,
726 2272 766 2356 se
786 2270 993 2361 adamum
1010 2272 1130 2384 usque
1149 2275 1333 2358 MCCC.

315 2390 514 2480 historiam
529 2400 604 2480 else
619 2397 938 2507 prosecuturum?
977 2396 1065 2508 Jam
1080 2417 1138 2500 ut,
1157 2398 1251 2505 quid
1262 2402 1334 2482 mi·

313 2514 355 2599 hi
367 2518 530 2628 videtur,
545 2547 679 2631 aperte
696 2515 1230 2632 proferam,Hemingsordio
1243 2548 1334 2629 pro·

313 2643 493 2729 cnldubio
512 2648 679 2755 primum
699 2648 740 2729 in
766 2647 900 2729 animo
916 2644 1005 2749 sitit,
1030 2643 1080 2725 ad
1107 2671 1252 2728 annum
1274 2648 1335 2729 us·

312 2796 389 2879 que
407 2780 466 2854 M.
480 2774 602 2877 CCC,
633 2785 673 2856 &
691 2801 774 2854 non
793 2771 954 2853 ulterius
975 2771 1173 2885 progredi.
1222 2772 1333 2857 Tan-

314 2894 403 2979 dem
423 2921 520 2979 vero
534 2897 766 2979 sententiam
785 2896 964 3000 mutavit,
973 2894 1193 3004 placuitque
1209 2898 1332 2981 etiam
1380 2984 1384 2992 ,

196 3073 202 3081 -
313 3016 483 3102 scribere
507 3021 557 3103 de
577 3022 686 3103 annis
703 3022 851 3103 ultimis
871 3019 1037 3103 Edvardi
1059 3027 1091 3101 1.
1108 3020 1256 3127 pariter
1272 3045 1333 3103 at*

313 3167 389 3250 que
402 3142 452 3225 de
470 3145 584 3227 rebus
603 3145 718 3257 gestis
730 3142 900 3228 Edvardi
917 3151 978 3236 ΙΙ.1
990 3142 1236 3253 Edvardique
1251 3151 1327 3228 111.

272 3281 290 3314 ·'
314 3269 372 3347 At
397 3295 493 3350 vero
517 3268 611 3351 mihi
636 3267 775 3350 incidit
793 3265 970 3373 suspicio,
997 3266 1172 3373 inprimis
1201 3270 1334 3351 Histo-

313 3391 410 3473 riam
426 3392 597 3479 Edvardi
617 3404 648 3476 Ι.
665 3416 780 3512 atque
797 3402 848 3476 11.
870 3396 912 3478 in
930 3396 1098 3502 capitula
1118 3422 1200 3476 non
1219 3397 1331 3483 fuisse

314 3511 557 3622 dispertitam
573 3517 649 3600 five
664 3517 841 3622 divisam,
860 3546 1076 3628 quanquam
1091 3519 1194 3602 haud
1212 3521 1332 3609 dubie

199 3701 203 3717 ,
315 3637 553 3725 Chronicam
580 3641 749 3724 Edvardi
774 3649 846 3726 ΙΙΙ.
865 3644 905 3723 in
921 3645 1099 3751 capitula,
1127 3671 1207 3752 quo
1228 3665 1331 3732 tem-

313 3771 411 3868 pore
428 3760 632 3870 scripserit,
654 3762 903 3869 distribuerit,
932 3766 1155 3878 singulisque
1180 3772 1331 3874 capitu-

313 3885 357 3965 lis
376 3886 440 3968 sua
463 3887 647 3968 lemmata
670 3885 939 3996 adsignaverit.
987 3890 1187 3987 Ceterum,
1215 3912 1261 3971 nt
1286 3905 1329 3980 δε
1354 3965 1355 3970 .

181 4075 187 4099 ,
312 4009 397 4091 aliae
416 4011 704 4106 lucubrationes
724 4012 914 4095 historicae
934 4011 1134 4099 Chronico
1155 4013 1246 4098 huic
1269 4047 1331 4102 re.

533 4212 548 4268 s
572 4190 684 4274 N,IX,
725 4215 745 4258 2
767 4174 1102 4278 cod.1ol,111,p.315.

1207 4271 1328 4383 spon·
