3000 5075
209 422 306 480 mv
533 396 1160 500 PRAEFATIO.
1302 464 1305 474 ·

342 573 401 653 nis
415 571 457 652 ¹in
473 573 617 680 campis
632 571 914 655 Dor‘cestrianis
931 570 1072 655 effoffae
1090 569 1179 655 sunt
1195 567 1287 655 duae
1297 584 1354 661 lit·

210 742 215 755 ι
344 724 416 802 nae‚
437 698 494 780 uti
511 698 629 785 etiam
644 699 724 781 duo
742 696 1058 798 lachrymatoria.
1083 695 1354 789 'Ullatentssue

302 842 319 884 ’
346 826 395 909 ad
417 829 574 915 Varium
590 826 823 935 ‚funarius
843 818 925 911 n'on
951 824 1130 930 dixerim,
1162 823 1234 909 nisi
1256 821 1373 934 figln·

345 953 432 1034 ullae
452 955 516 1038 vel
531 954 571 1034 in
590 954 694 1059 urnis
707 953 767 1034 vel
783 952 824 1033 in
838 949 1144 1052 l'achrytnatoriis
1162 950 1204 1034 id
1217 947 1356 1057 prode·

346 1099 447 1159 rent.
501 1083 555 1163 At
585 1078 698 1160 hasce
727 1077 968 1186 antiquitatis
989 1076 1171 1186 reliquias
1201 1075 1355 1184 penitus

320 1230 322 1234 ·
344 1205 562 1312 eonsiaCias
588 1218 628 1288 &
648 1208 688 1288 in
706 1205 865 1288 frustula
881 1207 1139 1289 comminutas
1163 1200 1276 1287 fuisse
1298 1218 1355 1287 a'u-

345 1329 426 1412 dio.
467 1333 623 1414 Poffunt
647 1354 778 1423 tamen
798 1329 872 1411 alia
898 1328 941 1411 id
965 1357 1088 1438 genus
1114 1328 1168 1419 ibi
1194 1325 1355 1411 forsitan
1380 1352 1384 1447 ζ

214 1446 218 1452 ⁸
344 1456 518 1563 reperiri.
559 1463 646 1541 Nec
666 1455 819 1557 dubim,
845 1466 886 1537 ὅ(
908 1454 1003 1536 olim
1025 1453 1121 1536 ollas
1140 1450 1356 1560 sepulchra·

251 1657 254 1661 .
344 1579 399 1665 les
416 1580 557 1663 ibidem
575 1582 722 1663 effossas
742 1580 862 1662 fuisse.
897 1577 1193 1684 Sepulchretum
1210 1576 1356 1667 etenim

147 1787 157 1805 ,
344 1704 421 1788 illic
448 1703 570 1810 fuisse,
600 1709 723 1804 multa
742 1702 831 1786 sunt
849 1701 1002 1789 indicia.
1051 1699 1280 1813 Cujusmodi
1303 1704 1357 1795 ,sess

130 1828 136 1850 ⁶
261 1901 268 1915 ,
344 1829 548 1938 pulchreta
573 1834 683 1912 ex'tra
715 1826 976 1933 urbesfuiffe,
1005 1828 1197 1911 testantur
1221 1854 1357 1940 omnes

344 1955 410 2061 qui
428 1954 484 2035 his
499 1953 549 2037 de
564 1955 677 2037 rebus
694 1944 874 2041 scribunt.
895 2026 898 2035 .
931 1955 1021 2036 Nec
1041 1974 1172 2049 tamen
1190 1951 1356 2037 diffiten·
1376 2006 1379 2015 ·

345 2077 523 2183 domest,
552 2082 841 2192 magistratuum
861 2078 1098 2187 superiorum
1124 2079 1279 2167 cineres¹
1294 2102 1355 2175 ‚ar-
1394 2080 1396 2123 ³

345 2233 422 2314 que
455 2210 534 2289 ossa
559 2208 802 2290 infraurbes
831 2207 1036 2315 sepulturae
1063 2203 1173 2288 fuiffe
1200 2204 1363 2293 ‘traditas

284 2372 285 2376 Ν
347 2342 457 2415 Inter
473 2364 571 2446 quos
587 2337 828 2447 magistratus
844 2335 1058 2443 superiores
1076 2364 1159 2418 non
1177 2334 1359 2445 estquod
1394 2328 1396 2363 ¹

347 2461 430 2570 quis
444 2482 624 2543 numeret
638 2461 808 2566 varium,
824 2460 894 2543 nisi
906 2461 1013 2542 forte
1028 2461 1160 2569 postea
1174 2461 1225 2544 ad
1238 2459 1359 2573 digni·

287 2638 289 2642 ·
347 2609 486 2691 tatem,
511 2593 650 2697 Consulti
667 2590 891 2701 Beneficiario
903 2590 1089 2698 majorem
1099 2590 1360 2673 illustriorem-

317 2823 319 2828 Α
347 2743 438 2824 que,
453 2718 607 2816 evetius
621 2716 749 2797 fuerit.
795 2718 980 2824 Qonam
996 2717 1157 2799 nomine
1166 2719 1249 2827 jam
1264 2717 1356 2799 olim

347 2836 413 2919 hic
430 2839 708 2946 imperantibus
723 2841 913 2923 Romanis
929 2838 1061 2949 gavisa
1075 2838 1195 2924 fuerit
1210 2844 1360 2924 Dorce-

348 2960 440 3041 stria
458 2966 578 3072 (quae,
596 2970 849 3063 Mycenarum
873 2962 1056 3068 adinstar,
1073 2970 1238 3071 sipodyqn
1252 2966 1358 3050 suiffe

348 3083 539 3187 videtur)
562 3113 644 3167 non
660 3087 715 3167 est
731 3088 772 3169 in
792 3088 952 3195 proclivi
967 3116 1160 3171 enarrare.
1207 3099 1270 3175 Ex
1290 3085 1361 3174 illis

348 3211 464 3300 enirn
477 3210 702 3293 stationibus
723 3212 778 3292 est
801 3213 842 3293 in
861 3214 1069 3297 Antonino
1091 3213 1359 3321 praetermiffis.

347 3334 455 3440 Nam
482 3334 621 3416 crebro
638 3356 874 3431 monuerunt
887 3334 1011 3447 dosii,
1036 3336 1109 3419 hac
1125 3336 1167 3417 in
1185 3362 1229 3423 re
1241 3327 1359 3424 -iaide

349 3454 617 3563 imperfectum
641 3459 734 3542 illud
751 3460 826 3542 effe
843 3487 962 3569 opus.⁴
995 3462 1033 3544 Si
1052 3459 1148 3542 fides
1163 3460 1282 3543 Bedae
1297 3491 1359 3548 ex-

349 3582 583 3689 emplaribus
607 3588 782 3693 optimis,
808 3588 954 3686 muttit
978 3587 1190 3696 antiquitus
1215 3590 1360 3674 vocita-

202 3799 207 3810 ,
350 3702 476 3791 batur.
529 3714 585 3791 At
607 3709 647 3792 in
663 3713 744 3794 aliis
761 3709 970 3795 Codicibus
986 3713 1157 3798 Dorcinia
1173 3714 1362 3823 scribitur,

351 3834 446 3922 teste
465 3834 682 3919 eamdeno.
739 3845 835 3924 Non
853 3840 965 3923 aliter
979 3864 1113 3921 tamen
1128 3848 1360 3951 atqueDon-

350 3978 537 4055 ceceastne
551 3958 592 4042 in
606 3958 689 4068 ipsa
699 3958 859 4046 AElfredi
871 3964 1009 4074 Magni
1025 3963 1199 4048 versione
1213 3953 1360 4078 An'glo·

354 4082 551 4166 Saxonica.
585 4083 692 4193 quod
704 4112 848 4170 nomen
860 4085 1035 4195 adprime
1047 4086 1137 4169 loco
1145 4084 1362 4203 congruere
1391 4099 1394 4106 '

1180 4318 1183 4324 .
1307 4212 1384 4296 sav
