3000 5075
269 479 540 559 Htc'rouun
578 481 823 559 Eovnnor
861 478 1043 562 Pernen
1216 501 1268 584 65

145 629 323 726 nascuntur,
345 652 448 705 tamen
457 634 641 728 fidelitatem
649 636 789 716 juratam
804 655 835 704 et
845 637 1013 728 pramiffam
1020 640 1157 732 fideliter·
1184 634 1230 716 Ἀ.
1249 652 1295 716 D.

145 759 212 815 tem
221 761 325 814 tenere
334 745 473 815 deberent
485 747 617 815 homiues
631 744 765 839 minuti,
776 747 851 817 uude
864 746 922 838 ipse
931 752 1078 820 Dominus
1089 754 1159 822 Rex
1199 754 1289 816 ¹295·
1388 757 1389 762 ’

145 848 400 943 respirationes
410 850 473 945 fic:
503 851 602 951 Qud
620 855 696 923 talis
718 853 928 945 confederatio
951 863 1030 930 iuter
1045 862 1159 954 Regem

148 964 319 1034 Alemania
336 980 367 1032 et
381 962 473 1053 ipsum
484 964 553 1046 jam
570 981 649 1030 nuuc
662 962 743 1029 inita
755 959 804 1054 est,
821 979 915 1054 etper
927 968 1160 1033 Sacramentum

149 1071 423 1165 confirmatuqmrl
436 1090 540 1142 neuter
553 1093 653 1140 earum
668 1069 775 1162 ulsqm
788 1074 884 1144 altem
897 1096 964 1142 cum
973 1076 1056 1165 Rege
1066 1079 1160 1144 Fran

149 1198 380 1270 corrumperem
396 1177 524 1271 'facien
549 1183 596 1252 uel
612 1197 736 1271 treugas
760 1184 904 1252 concedat
928 1206 1041 1274 quoquc
1062 1186 1156 1253 muria.

149 1292 251 1376 Cujus
263 1293 309 1359 rei
326 1287 415 1381 causa
429 1287 488 1383 ipsc
506 1311 563 1357 mu
583 1287 732 1381 amalfim,
749 1293 798 1359 rel
815 1288 1015 1380 differrieme,
1036 1316 1089 1362 uec
1100 1312 1160 1385 pa-

150 1424 219 1483 cem
225 1399 335 1492 facere
341 1400 432 1495 potest
445 1426 498 1472 nec
511 1418 627 1491 treugae
642 1401 801 1471 concedere
816 1404 888 1470 uult.
923 1399 1006 1492 Qo
1017 1400 1162 1474 ceilante

149 1507 264 1604 loqui,
278 1507 452 1580 confestim
470 1506 666 1580 Cardinales
680 1504 788 1601 ipsum
805 1511 937 1598 Regem
951 1534 1163 1602 rogaverunt,

150 1640 207 1711 ut,
222 1645 265 1695 ex
278 1620 460 1692 clemencia
478 1623 601 1710 Regia,
613 1644 759 1692 annuere
772 1620 981 1712 dignaretur,
999 1626 1161 1698 Nuncios

152 1726 252 1825 supet
268 1730 333 1801 hoc
348 1731 438 1820 Regi
454 1727 633 1812 Alemaniae
645 1727 822 1801 destinare.
865 1734 911 1812 Ee
922 1729 1019 1805 datus
1031 1735 1075 1806 est
1086 1734 1160 1829 dies

151 1837 310 1919 crastinus
325 1838 368 1910 ad
382 1833 662 1934 respondendum.
703 1837 853 1909 Crastina
869 1862 981 1913 autem
999 1843 1057 1914 die
1080 1869 1159 1917 cum
1177 1875 1180 1889 ¹

151 1950 374 2021 convenirent
384 1952 507 2019 iterum
517 1944 672 2037 universi,
683 1946 774 2018 idem
786 1953 1068 2028 Dunolmenfisin
1079 1954 1161 2029 Gal·

153 2057 225 2130 lico
239 2054 285 2128 fic
300 2061 365 2128 ait:
389 2061 514 2130 Domini
529 2052 694 2153 Kariffimi,
712 2058 868 2154 requiffiis
883 2063 1015 2156 insieme
1031 2069 1078 2136 aie
1093 2071 1161 2137 Dr-

154 2171 273 2240 miuum
287 2166 412 2261 nuslrum
427 2167 544 2258 Regem
562 2168 598 2236 cle
616 2165 734 2250 duabu,
751 2162 884 2256 scilicet,
908 2173 987 2260 quael
1001 2197 1040 2241 ex
1049 2178 1162 2262 gracia

145 2280 211 2373 sua
226 2305 310 2353 meru
326 2282 504 2371 dignaretur
520 2282 643 2351 mittere
658 2280 699 2348 ari
715 2278 829 2370 Regem
844 2283 1024 2372 Alcmana,
1049 2305 1085 2355 ut
1099 2292 1163 2371 ejus
1193 2352 1195 2357 .

154 2395 294 2475 animum
310 2393 432 2461 alliciat
449 2393 489 2461 ad
499 2410 609 2481 pacem
630 2378 821 2461 annuendam
838 2411 870 2460 et
881 2396 971 2484 plene
992 2399 1163 2490 confirman-

155 2509 240 2580 cam.
278 2507 364 2592 Alie,
388 2505 467 2596 quud
480 2500 600 2595 scilicet
621 2522 740 2593 treugae
758 2505 933 2573 comederet
947 2503 1036 2597 usque
1052 2525 1165 2577 certum

156 2640 286 2714 tempus,
312 2616 395 2712 infra
413 2621 488 2711 quod
505 2620 541 2687 dc
552 2619 645 2709 plena
662 2636 739 2708 pace
755 2618 879 2685 trallari
895 2616 997 2707 puiset,
1023 2621 1071 2687 rel
1087 2617 1164 2708 ipfics
1207 2597 1213 2619 ¹

149 2731 265 2828 saltem
280 2750 403 2823 treugas
426 2733 550 2802 ulterius
561 2749 737 2821 prerogare.
786 2726 838 2796 Aa
847 2730 979 2815 primum
992 2733 1166 2801 Articulum
1290 2815 1292 2820 ,

157 2840 310 2936 respondet
325 2844 406 2914 rubis
424 2845 573 2931 Dumium
594 2841 684 2935 noller
703 2843 773 2910 Rex
787 2839 850 2935 fic:
874 2839 983 2943 Qud,
1001 2847 1120 2914 racione
1135 2862 1167 2912 et
1192 2891 1194 2893 -

158 2957 329 3024 reverencia
346 2955 484 3023 Romana
501 2950 650 3047 Ecclefia,
674 2974 733 3041 qua
750 2952 948 3021 reclusoria
966 2955 1062 3043 capud
1077 2952 1116 3047 est
1134 2973 1165 3023 et

158 3062 327 3157 Magistra,
349 3082 380 3133 et
393 3064 536 3156 occafiuue
545 3062 738 3155 personarum
750 3060 924 3153 uestrarum,
946 3066 996 3154 qui
1010 3066 1165 3150 illimEc-

159 3171 244 3266 clefia
270 3177 339 3243 eliis
355 3173 498 3260 membra,
523 3176 685 3264 habitaque
703 3170 931 3264 confideraciuue
954 3170 1165 3265 vulneraberis

160 3302 191 3352 et
208 3285 287 3375 longi
303 3286 434 3367 itineris,
450 3283 617 3353 liberaliter
632 3284 764 3353 concedit
776 3282 852 3354 rubin
865 3284 934 3351 Rex
949 3284 1084 3353 Nuntius
1092 3281 1165 3373 ficus

153 3386 245 3479 super
257 3391 311 3458 leuc
328 3392 436 3460 ibidem
449 3389 603 3485 destinare.
629 3391 680 3459 Ad
692 3387 845 3483 aliurlfic:
871 3393 1037 3464 Saeuum
1049 3398 1166 3465 enneae

160 3516 192 3567 et
207 3500 288 3567 omui
297 3499 412 3588 populo,
429 3500 504 3590 quad
516 3503 662 3569 exercitur
672 3499 760 3590 Regr'e
773 3502 898 3569 Francia
912 3501 1089 3593 etgemsua
1099 3522 1166 3574 tuta

155 3613 226 3695 jam
233 3613 340 3700 parati
354 3608 493 3705 existunt,
512 3628 545 3681 ut
553 3610 608 3706 fibi
620 3630 651 3680 et
655 3608 719 3701 serie
731 3606 862 3700 inferant
872 3615 957 3680 mala
970 3636 1030 3704 quc
1039 3620 1166 3705 pcssum,

153 3718 230 3813 ficut
243 3718 389 3811 lucufigue
396 3717 551 3811 fecerunt,
572 3726 603 3793 in
616 3742 699 3792 terra
716 3739 748 3789 et
763 3723 795 3789 iu
810 3724 901 3805 muri,
921 3725 998 3791 unde
1010 3727 1089 3816 Regi
1106 3750 1166 3797 non

161 3831 230 3919 essm
236 3826 376 3920 securum
386 3825 450 3920 suis
464 3830 633 3919 precipere,
647 3853 683 3898 ne
692 3826 727 3919 se
745 3825 951 3919 defenderent‚'
966 3829 1018 3924 rifi
1029 3851 1167 3922 exparte

161 3937 265 4006 altera
277 3935 346 4028 effet
356 3938 532 4009 ’inhibitum
543 3935 744 4030 telle,ftatim
753 3931 851 4025 etipse
861 3936 926 4031 suis
935 3937 987 4003 lroc
1000 3939 1076 4009 illud
1088 3943 1167 4013 irlem

203 4145 217 4190 1
242 4125 388 4211 Faceret‚
402 4127 454 4193 vel
465 4140 588 4206 treugas
602 4123 796 4188 concederet
809 4126 844 4185 T.
876 4123 997 4203 Faciet,
1017 4123 1071 4185 uel
1084 4139 1184 4199 tren-¹

163 4238 216 4300 gas
226 4218 418 4283 concederet
430 4225 477 4282 Tr.
519 4240 537 4280 2
550 4224 590 4280 L.
598 4238 657 4281 erm
668 4220 716 4281 Tr.
728 4216 911 4296 inhibitum,
921 4232 956 4279 ut
965 4214 1094 4300 ulterius
1105 4235 1171 4277 non

200 4311 277 4384 Vol.
289 4310 315 4376 1.
801 4306 816 4370 1
1097 4323 1172 4387 pro·
