3000 5075
299 497 562 574 Hrsronra
604 496 849 572 Eovnnnr
890 495 1063 572 Patiar.
1226 522 1302 590 τος

168 658 272 726 grave
289 643 477 740 periculum
502 645 657 729 iminere,
685 640 928 714 ordinaverunt
949 641 981 714 se
1007 641 1181 738 deponere
1215 654 1257 718 Α.
1275 655 1320 720 D,

169 747 259 821 velle
273 752 309 819 in
324 750 411 822 AEde
423 748 512 821 sacra
527 754 678 846 quintam
697 771 823 847 partem
838 751 1003 822 bonorum
1018 745 1184 847 Ecclesia·
1223 739 1313 818 129⁶·

169 853 333 927 sticorum
350 855 443 927 illius
456 860 548 944 anni,
562 855 604 926 ad
619 859 804 929 tuicionem
817 854 970 928 Ecclesiae
986 853 1186 945 Anglicanae,

169 987 209 1040 et
228 965 460 1041 defensionem
479 970 712 1061 urgentissimae
728 970 938 1058 necessitatis,
962 992 1000 1041 ut
1018 968 1083 1040 'fic
1101 971 1186 1038 iram

170 1083 281 1172 Regis
296 1084 490 1170 evaderent,
509 1095 544 1152 et
561 1079 766 1154 sentenciam
781 1086 816 1154 in
827 1083 923 1155 Bulla
936 1083 1037 1155 latam
1053 1107 1119 1153 non
1135 1082 1186 1151 in-

169 1214 363 1265 currerent.
401 1193 578 1290 Quicquid
598 1216 709 1264 tamen
724 1193 914 1290 deponebat
928 1195 1059 1283 Cieros,
1083 1189 1185 1281 tolle·
1238 1253 1251 1263 ..

171 1301 231 1375 bat
248 1300 362 1377 Fiscus
370 1341 381 1392 3
408 1328 443 1377 et
464 1304 506 1376 sic
529 1305 738 1393 ordinantes,
763 1330 798 1378 et
819 1303 879 1377 sub
895 1304 1012 1376 colore
1030 1307 1184 1401 quintam

173 1434 307 1510 partem
329 1415 568 1504 concedentes,
599 1417 853 1510 protectionem
880 1416 985 1504 Regis
1011 1407 1185 1481 consecuti

171 1522 265 1598 sunt.
301 1525 547 1599 Cantuariensrs
561 1550 642 1598 vero
655 1523 946 1623 Archiepiscopus,
954 1527 1104 1594 animum
1117 1543 1185 1589 non

172 1655 322 1722 mutans,
335 1659 396 1705 nec
409 1632 596 1706 concedere
610 1658 674 1704 nec
686 1633 858 1729 deponere
868 1635 1050 1728 quicquam
1063 1627 1186 1715 voluit,

171 1743 352 1841 elegitque
367 1745 481 1840 pocius
496 1745 579 1812 iram
594 1743 714 1831 Regis,
729 1766 830 1836 quam
847 1742 1060 1811 Sentenciam
1075 1730 1186 1808 Exco·

172 1860 422 1930 municacionis
438 1859 620 1928 incurrere.
660 1854 749 1926 unde
768 1853 884 1951 sayfita
901 1853 977 1934 sunt
992 1854 1105 1925 omnia
1122 1850 1185 1921 bo·

173 1986 217 2033 na
233 1959 303 2048 sua,
316 1981 352 2033 et
366 1962 437 2034 vasa
453 1967 522 2060 ejus
538 1989 636 2035 aurea
651 1986 685 2036 et
700 1988 858 2057 argentea
872 1985 1036 2062 occupata
1050 1961 1136 2050 sunt,
1150 1979 1186 2031 et

159 2075 259 2168 -equi
278 2099 406 2163 omues,
424 2075 691 2175 recesseruntque
709 2080 750 2150 ab
766 2105 809 2150 eo
827 2078 1006 2150 familiares
1022 2079 1107 2173 ejus,
1123 2098 1186 2146 nec

174 2183 336 2257 remansit
352 2191 546 2284 quicquam,
556 2191 775 2262 undeChristi
790 2215 915 2291 pauper
929 2191 1087 2277 aleretur,
1101 2213 1185 2288 prae·

173 2317 386 2395 ceptumque
400 2298 445 2369 est
459 2297 517 2370 sub
528 2305 617 2392 gravi
632 2295 841 2396 forisfactura
851 2303 968 2391 Regis,
979 2304 1099 2398 nequis
1109 2323 1187 2370 eum

166 2405 334 2504 ‚hospicio
347 2405 525 2508 susciperet
536 2416 569 2482 in
582 2412 781 2483 monasterio
794 2413 846 2485 vel
856 2435 963 2503 extra,
972 2431 1186 2482 evacuatum·

175 2542 245 2614 que
264 2517 312 2598 est
334 2516 418 2589 illud
441 2518 602 2618 Apostoli,
634 2519 777 2615 suscipite
798 2522 925 2591 invicem
941 2519 1021 2615 ficut
1042 2535 1073 2587 er
1095 2519 1186 2590 clri-

165 2630 233 2726 flus
241 2628 374 2722 suscepit
385 2654 448 2716 vos,
460 2626 645 2723 mansitque
660 2625 702 2696 fic
713 2628 838 2721 ejectus
850 2630 883 2696 in
896 2624 1002 2696 domo
1014 2622 1186 2720 cujusdam

177 2737 341 2835 simplicis
365 2739 501 2816 rectoris
518 2762 594 2809 cum
617 2733 689 2807 solo
706 2734 888 2808 Sacerdote
905 2755 940 2807 et
957 2760 1025 2806 uno
1038 2735 1186 2829 Clerico,

163 2860 248 2928 'non
264 2848 388 2920 habens
401 2874 443 2919 ex
455 2871 529 2922 toto
543 2844 843 2948 Archiepiscopatu
860 2846 917 2919 ubi
931 2869 1031 2942 caput
1047 2872 1189 2948 repone-

177 2981 243 3033 ret.
285 2960 486 3056 Constantpr
504 2982 614 3034 tamen
630 2963 700 3051 egit
716 2963 751 3030 in
766 2957 869 3032 verbo
884 2961 1037 3046 Domini,
1054 2957 1189 3058 publice

175 3070 410 3160 'mendicans
424 3092 458 3142 et
476 3069 601 3168 ubique
619 3070 816 3169 protestans,
832 3094 960 3158 omnes,
979 3075 1039 3166 qui
1052 3070 1104 3141 vel
1120 3074 1191 3143 Re·

179 3186 227 3276 gi,
254 3182 308 3254 vel
327 3179 479 3254 Personae
495 3180 658 3269 Seculari,
687 3201 806 3279 praeter
821 3179 1028 3281 volontatem
1046 3182 1192 3252 Domini
1298 3227 1305 3240 ·

178 3299 473 3393 Papae,quicquam
486 3291 726 3379 concederent,
737 3292 952 3363 inCanonem
964 3290 1188 3365 lataeSenten-

180 3409 244 3478 ciae
258 3427 302 3473 eo
314 3402 404 3475 facio
416 3398 642 3499 proculdubio
656 3393 821 3484 incidisse,
835 3393 964 3498 semper
975 3398 1116 3472 existens
1132 3426 1191 3500 pa-

181 3532 275 3587 ratus
298 3512 340 3583 ad
367 3509 669 3605 moriendunpro
689 3503 834 3578 Ecclesia
858 3511 934 3577 Dei.
984 3513 1092 3580 Amici
1110 3537 1190 3581 vero

181 3622 427 3702 Lincolnienfis
449 3620 608 3718 Episcopi
630 3618 795 3704 ³Oliveri,
819 3620 927 3688 eciam
947 3616 1020 3717 ipso
1037 3621 1192 3694 volunta-

182 3753 256 3804 tem
287 3734 391 3823 Regis
413 3755 480 3803 non
510 3728 710 3817 ratificante,
735 3747 954 3826 procurarunt
975 3730 1195 3826 ⁴tn‘1',.quod'

223 3959 238 4004 1
263 3940 316 4005 Sic
336 3938 446 4010 saltem
461 3942 541 4005 iram
560 3948 593 4004 T.
633 3965 653 4005 2
674 3940 866 4022 Praedicans,
886 3946 919 4003 T.
932 3942 971 4013 dr
986 3946 1035 4007 Tr.
1078 3964 1094 4025 3
1118 3948 1190 4011 Oli-

181 4032 265 4112 veri,
280 4029 348 4113 ipso
357 4031 529 4115 nesciente,
540 4046 761 4119 procurarunt,
775 4032 859 4114 quod
869 4034 1058 4100 vicecomes
1073 4042 1107 4099 Τ.
1119 4038 1191 4101 Oli-

180 4123 266 4201 veri,
279 4118 348 4203 ipso
360 4122 533 4208 nesciente,
555 4139 588 4188 et
600 4143 673 4190 cum
686 4122 778 4187 sciret
788 4141 854 4184 non
868 4120 1056 4208 ratificante,
1076 4147 1191 4211 procu-

181 4226 304 4292 rarunt,
315 4213 398 4294 quod
411 4216 599 4281 Vicecomes
610 4222 659 4282 Tr.
702 4235 724 4296 4
737 4216 780 4279 Sic
790 4222 856 4279 MS.
868 4212 901 4278 id
912 4217 964 4301 est,
974 4232 1109 4298 tantum,
1119 4221 1196 4303 quod

181 4304 212 4365 in
226 4316 339 4367 tamen
352 4317 501 4370 mutarem.
893 4360 897 4368 ·
1091 4315 1195 4388 Vice-
