3000 5075
197 491 250 560 62
351 573 354 582 Ι
483 470 754 558 Weo'onr
788 477 1167 559 Humerum)

172 642 279 711 Μ),
311 626 353 695 ab
364 626 433 722 ipss
446 626 541 724 nosdre
552 634 747 723 protnocicnis
764 628 905 723 auspiciis
924 628 966 722 ad
974 630 1155 721 generalem
1162 624 1321 722 saturus·

179 743 272 810 ¹²95·
309 739 423 811 delium
438 748 547 813 memis
563 747 660 815 eciem
676 739 887 831 extendentes,
910 762 942 813 et
959 741 1176 840 cmst'derantes
1184 749 1318 833 gratem,

309 856 399 925 imum
408 850 629 951 granissmam,
645 875 678 926 ct
689 858 803 927 ormino
820 859 1007 927 contrariam
1020 859 1099 927 rotis
1113 853 1230 948 rosiris,
1248 856 1331 923 inter*

251 963 256 982 ⁸
308 979 342 1034 te
358 983 393 1035 et
404 967 531 1055 {baum
543 970 650 1040 lilium
666 965 794 1063 nmirum
809 969 993 1059 Philippum,
1002 966 1125 1057 Regem
1138 968 1268 1039 Francia
1286 964 1321 1033 il·

308 1075 581 1172 lspbremproxima
596 1080 653 1149 tibi
669 1075 933 1173 consanguinitate
947 1081 1143 1164 conjunllom,
1149 1091 1325 1167 procurante

302 1190 396 1279 pacis
411 1191 511 1260 emnlo
522 1192 670 1259 incentore
684 1191 840 1274 mulorum,
853 1186 1031 1279 discordiam
1037 1184 1326 1279 suscitatam‚sormt

307 1298 451 1391 ttslalili
467 1301 644 1396 discussione
660 1301 857 1383 decrevimus,
876 1297 1008 1392 estsuper
1024 1294 1192 1391 hujusmodi
1209 1296 1325 1387 negocio

308 1406 389 1473 cordi
399 1403 489 1499 noslro
500 1402 647 1500 potissime
657 1402 835 1498 sollempnes
847 1408 887 1510 ad
896 1405 1088 1499 presenciam
1097 1406 1235 1495 Regiam
1241 1405 1323 1475 Nm·

307 1518 369 1583 cios
383 1534 415 1584 et
426 1516 553 1586 Literas
571 1520 783 1601 mitteremus,
801 1516 859 1609 sed
866 1536 989 1611 propter
1002 1516 1128 1612 nostum
1142 1516 1180 1586 de
1193 1518 1325 1588 Ciuitate

308 1627 511 1719 Neopolitana
535 1626 698 1720 discessum,
724 1628 774 1697 ubi
792 1647 864 1699 tunc
880 1630 1020 1702 Romana
1043 1632 1128 1701 curia
1147 1627 1326 1723 prcsdebct,

308 1737 492 1835 nosdrumque
508 1739 650 1832 accessum
667 1741 849 1828 adUrbem,
860 1765 948 1835 quem
960 1747 1079 1816 riarum
1087 1738 1257 1833 periculose
1271 1741 1325 1834 dis·

310 1854 441 1922 crimina
453 1876 509 1923 non
525 1853 670 1923 modicum
682 1853 891 1940 retardarunt,
911 1873 949 1920 ac
964 1853 1062 1919 eciam
1078 1852 1112 1920 ob
1126 1849 1238 1945 muira,
1254 1852 1322 1924 inibi

310 1962 476 2048 celebrata,
501 1958 731 2057 consecracionis
747 1962 942 2056 sollempnia,
967 1962 1324 2054 lapsuumneqoioious

186 2122 188 2127 -
310 2075 405 2144 cicius
421 2076 556 2145 Nuucios
567 2076 718 2166 predilics
731 2096 765 2146 et
777 2078 900 2147 Littrus
913 2071 1069 2170 desiluere.
1106 2076 1248 2165 Revera,
1257 2077 1322 2157 Fu,

309 2175 501 2275 nequaquam
511 2182 614 2274 sumus
631 2188 829 2271 immemores,
857 2185 929 2276 quin
940 2185 1044 2274 pocius
1059 2188 1164 2253 tenaci
1181 2190 1321 2259 memma

309 2300 483 2384 retinemus,
506 2299 583 2390 quod
599 2322 651 2368 nos
668 2302 824 2392 bullenus,
846 2300 916 2369 dum
932 2294 1052 2387 esemus
1069 2300 1101 2366 in
1116 2301 1227 2369 minori
1240 2299 1321 2389 fficio

309 2409 470 2504 ronslituti,
480 2412 604 2507 soceris
621 2409 773 2501 tsedibus
790 2410 929 2506 dileusli,
940 2413 1042 2502 plenis
1052 2408 1213 2501 sororibus
1225 2410 1318 2505 prust·

309 2536 407 2591 cutus.
438 2522 579 2616 Ideoque,
600 2525 670 2595 dum
677 2521 818 2616 sollerter
833 2525 1034 2611 ascribimus,
1049 2526 1176 2616 quantis
1189 2542 1223 2594 et
1236 2548 1319 2616 quon

302 2634 470 2723 grandibus
478 2637 618 2727 predilia
634 2633 779 2730 discordie
795 2633 924 2728 noscitur
939 2633 1038 2730 onusia
1056 2633 1236 2728 dispendiis,
1253 2650 1318 2727 quot

309 2762 342 2811 et
362 2764 477 2835 quam
493 2747 630 2835 pericula
645 2745 749 2838 secum
765 2749 874 2833 trabit,
899 2770 991 2837 quam
1007 2742 1166 2836 dampnosa
1182 2746 1317 2839 fidelibus

307 2855 455 2938 redditur,
481 2877 572 2945 quam
585 2861 726 2947 grauiter
742 2859 844 2928 turbat
867 2875 899 2926 et
916 2859 1043 2948 impedit
1059 2859 1218 2948 negocium
1230 2857 1319 2928 Terra

308 2967 434 3051 Soulia,
452 2983 597 3057 quantum
612 2989 649 3037 ve
655 2985 814 3058 propterea
827 2969 898 3038 Deo
911 2966 1063 3062 displicere
1076 2967 1252 3060 dinoscimur,
1268 2990 1318 3037 on

309 3075 431 3147 sciamur
446 3091 481 3144 ul
493 3079 600 3165 Pater,
611 3077 789 3170 sauciamur
802 3097 835 3149 ut
847 3079 971 3166 Mater,
989 3083 1022 3151 in
1032 3082 1154 3151 intimis
1171 3082 1319 3151 turbamur

262 3195 266 3207 '
308 3188 447 3256 amorius
468 3203 504 3255 ut
518 3204 648 3282 armatur,
672 3212 727 3257 nec
741 3187 886 3279 posumus
904 3191 1015 3282 qnietis
1029 3186 1129 3278 soteri
1153 3188 1317 3274 dulcedine,

306 3297 400 3369 donec
424 3297 614 3387 prelibatum
642 3302 797 3390 negocium
822 3318 960 3391 optatum
984 3315 1016 3368 et
1044 3301 1175 3368 celerem
1196 3301 1318 3383 exitus,

299 3408 395 3491 sutria
407 3407 502 3476 cordis
514 3405 600 3501 nostri
614 3407 966 3502 desderium,sorciatur.
992 3411 1126 3498 Cumque
1135 3405 1319 3478 Venerabilis

304 3520 424 3587 lintres
439 3516 554 3609 nosdros,
571 3521 735 3590 Beraldum
743 3520 946 3612 Albanensem
963 3539 996 3590 et
1008 3525 1165 3617 Spinonem
1175 3516 1319 3613 Penesti-

303 3632 375 3715 ω
391 3624 561 3718 Episcopus,
571 3628 657 3699 Sedis
665 3625 835 3723 Aposclise
848 3631 993 3716 Nuncios,
1007 3628 1188 3698 exhibitores
1197 3625 1319 3721 prasen-

305 3742 399 3827 ciam,
416 3744 493 3813 uiros
509 3745 614 3833 ntique
624 3739 768 3835 prosundi
782 3741 914 3837 Corfilii,
934 3747 1093 3814 literarum
1102 3738 1242 3832 sciencia
1249 3761 1319 3834 pru·

306 3856 395 3942 ebtos,
410 3879 447 3924 ac
462 3850 800 3945 diuersarumrirtutum
817 3859 916 3927 titulis
930 3853 1093 3950 irosgrtitos,
1108 3877 1164 3923 nec
1173 3855 1320 3946 nonpacic

295 3985 339 4049 ,et
353 3966 507 4038 concordie
526 3983 692 4054 amatores,
717 3966 760 4036 ad
778 3987 823 4054 te,
848 3970 1015 4058 liliumque
1034 3967 1151 4057 Regem
1177 3966 1317 4055 Francic,

344 4166 359 4210 1
381 4145 460 4211 Kn's
466 4154 532 4210 MS.
555 4145 714 4239 Μίδεω
723 4161 812 4234 alque
825 4147 951 4232 karum,
964 4168 1022 4212 non
1032 4147 1078 4228 (ut
1088 4147 1121 4210 iu
1135 4145 1191 4228 0.)
1205 4139 1319 4210 kariffi·

303 4258 403 4310 mum.
433 4237 636 4303 1nYr.kum.
1246 4334 1312 4386 m.
