3000 5075
284 475 549 555 Hrsronrn
591 477 835 555 Euvnnor
875 477 1049 581 Purus
1114 531 1117 543 ·
1209 478 1310 584 ²35*

161 625 208 698 est
221 628 377 717 magistro
392 625 569 702 Willelmo
586 626 630 698 de
647 629 746 699 Testa
761 631 794 700 in
811 629 1034 724 parliamento
1047 626 1170 729 praedi·
1199 638 1241 702 A.
1259 638 1309 720 Da

162 735 231 823 dtu,
248 732 343 832 quod
360 734 403 805 de
419 756 534 806 cetero
550 755 670 808 contro·
685 737 921 835 provifionem,
938 736 1169 824 concordiam,
1207 720 1296 801 ¹30⁶·

161 832 447 917 cinniiderationes
468 845 656 942 predictas,
683 871 750 916 non
781 846 943 942 procedat
969 872 1031 919 nec
1054 842 1168 941 perse

161 951 238 1026 ¹seu
256 981 316 1054 per
330 956 434 1027 alium
452 980 693 1053 quemcunque
714 959 747 1027 in
765 959 931 1054 praemiffis
948 956 980 1029 se
997 957 1168 1029 intromit-

159 1085 211 1141 tat
225 1068 278 1140 vel
294 1067 410 1163 aliquo
427 1066 681 1165 praemissorum.
727 1073 771 1139 Et
787 1068 974 1164 injundum
991 1067 1038 1137 est
1053 1063 1167 1136 eidem

158 1179 317 1269 magistro
330 1184 386 1253 W.
397 1179 489 1276 quod
507 1177 675 1278 quicquid
693 1201 752 1275 per
767 1175 888 1276 ipsum,
903 1178 1057 1269 collegas,
1074 1200 1167 1247 com·

115 1302 125 1315 ⁸
159 1285 334 1376 miffarios,
347 1289 523 1378 ministros,
536 1291 811 1378 vices-gerentes,
828 1311 885 1359 aut
898 1289 982 1361 alios
998 1287 1168 1385 quoscuo‘

160 1421 229 1496 que
245 1395 309 1502 fibi·
326 1398 530 1470 adhaerentes
552 1397 607 1470 seu
624 1399 838 1471 intendentes
853 1404 1094 1498 adtemptatum
1111 1397 1168 1486 est,

159 1509 269 1579 adium
284 1505 339 1580 seu
358 1498 585 1581 executum'in
604 1508 782 1606 praemillis,
800 1531 835 1581 et
848 1509 1004 1606 quolibet
1022 1505 1168 1608 praemis·
1271 1593 1276 1603 Ι

159 1616 286 1705 sorum,
306 1636 440 1688 revocet
455 1613 627 1707 incaffum,
647 1619 782 1713 irritum
796 1638 831 1688 et
849 1622 957 1690 inane.
1001 1623 1044 1691 Et
1061 1639 1167 1693 totam

158 1729 346 1823 pecuniam,
372 1731 407 1799 in
426 1728 487 1798 hac
510 1747 605 1825 parte
626 1726 781 1819 levatam,
807 1727 895 1800 salvo
910 1730 1094 1802 'custodiri
1116 1727 1166 1803 fa·

158 1839 227 1907 ciat
241 1844 279 1911 &
289 1835 403 1908 secure
417 1833 504 1930 infra
519 1859 659 1926 regnum
676 1835 886 1932 praediolum,
902 1838 1077 1939 quousque
1093 1846 1190 1921 Do..v

157 1950 344 2019 minus'rex
361 1971 435 2016 cum
451 1944 614 2045 predicto
630 1944 773 2018 consilio
795 1948 888 2019 aliud
907 1948 1004 2046 snper
1020 1951 1087 2023 hoc
1102 1953 1166 2024 du·

155 2061 245 2131 xerit
262 2057 499 2130 ordinandum.
538 2063 581 2129 Et
599 2078 803 2156 praeceptum
820 2059 866 2129 est
880 2057 1014 2152 fingulis
1030 2066 1164 2143 viceco-

156 2166 297 2242 mitibus
313 2170 463 2267 praediui
477 2173 585 2261 regni,
603 2166 698 2266 quod
711 2193 772 2268 per
786 2167 1025 2244 sacramentum
1040 2175 1163 2271 probo-

156 2307 231 2356 rum
249 2290 287 2355 &
305 2282 465 2375 legalium
483 2283 656 2356 hominum
677 2284 722 2356 de
745 2282 876 2357 ballivis
893 2285 970 2376 suis,
997 2313 1056 2385 per
1076 2316 1163 2386 quos

155 2395 205 2464 rei
220 2396 341 2464 veritas
357 2393 477 2465 melius
490 2390 568 2464 sciri
582 2396 722 2488 poterit,
734 2392 919 2483 diligenter
934 2399 1108 2492 inquirant
1118 2399 1167 2471 de

155 2501 353 2576 nominibus
378 2500 677 2575 commiliariorum
702 2503 908 2602 &aliorum
935 2506 1163 2584 ministrorum

154 2612 308 2712 predicti
336 2618 393 2688 W.
409 2615 518 2703 Testa,
544 2614 603 2709 qui
622 2609 781 2708 praemiffa
798 2615 998 2706 gravamina,
1024 2616 1162 2711 oppres·

153 2725 273 2814 fiones,
291 2720 547 2796 extorsiones&
562 2724 699 2819 injurias
717 2726 752 2794 in
768 2722 1062 2796 communitatibus
1078 2749 1161 2820 praee

153 2831 255 2906 diuis
277 2832 394 2905 taliter
416 2852 651 2930 perpetrarunt
677 2853 735 2904 aut
751 2832 916 2923 fecerunt,
944 2858 1093 2905 necnon
1117 2833 1162 2909 de

154 2944 345 3017 nominibus
371 2939 533 3039 ipsorum,
559 2944 620 3037 qui
643 2968 758 3014 coram
783 2940 949 3040 praedietis
972 2942 1161 3017 commiffa·
1264 3005 1266 3010 .
1353 2955 1355 2959 '

153 3059 214 3129 riis
230 3055 281 3127 vel
299 3054 455 3126 ministris
473 3052 621 3147 aliquem
635 3051 690 3123 tel
711 3051 847 3151 aliquos
862 3057 957 3127 citari
974 3054 1026 3127 vel
1047 3057 1159 3127 vocari

150 3164 339 3253 ³fecerunt,
364 3160 419 3235 seu
435 3160 526 3233 dicta
542 3166 732 3253 gravamina
750 3166 884 3235 executi
901 3159 1090 3234 ⁴fuerunt.·
1114 3166 1160 3235 Et

152 3297 270 3345 omnes
286 3270 374 3359 illos,
399 3292 484 3364 quos
507 3267 691 3367 culpabiles
706 3273 741 3341 in
760 3268 926 3367 praemilsrs
942 3272 1159 3359 invenerunt,
1194 3345 1196 3352 ,

152 3379 341 3454 attachient
358 3401 418 3475 per
439 3401 579 3474 corpora
599 3404 731 3467 eorum,
758 3383 805 3449 ita
824 3378 919 3477 quod
941 3404 999 3452 eos
1015 3378 1159 3452 habeant

153 3514 267 3565 coram
287 3510 366 3577 rege
388 3489 423 3556 in
447 3487 572 3557 octavis
594 3484 710 3559 sanciat
739 3490 936 3588 Trinitatis,
960 3486 1164 3587 ubicunque

152 3625 234 3675 tunc
247 3585 376 3672 fuerint
390 3600 426 3668 in
443 3596 574 3688 Anglia,
599 3595 641 3668 ad
660 3591 933 3696 respondendnm
950 3618 1018 3676 tarn
1036 3600 1158 3669 Domi·

153 3741 198 3788 no
211 3714 284 3805 regi
298 3735 400 3808 quam
412 3707 488 3780 aliis
499 3707 578 3778 inde
589 3710 754 3804 conqueri
766 3705 955 3779 volentibus
966 3705 1061 3806 super
1076 3733 1160 3804 prae-

152 3825 266 3914 millis,
291 3843 326 3897 et
351 3820 394 3893 ad
412 3817 603 3892 faciendum
627 3827 664 3892 &
692 3819 925 3913 recipiendum
942 3811 1035 3917 qnod
1051 3824 1157 3893 Curia

151 3936 291 4010 Domini
310 3936 396 4025 regis
413 3930 672 4004 consideraverit
687 3934 723 4003 in
741 3932 803 4004 hac
818 3955 921 4029 parte.
962 3937 1003 4002 Et
1025 3936 1157 4002 viceco-

155 4248 160 4255 .
193 4154 340 4221 sNecT.
381 4152 628 4226 2CustodireT.
671 4154 901 4238 3Fecerinr,Y.
944 4154 1153 4237 4FuerintT.

648 4343 656 4358 ,
718 4285 830 4374 Gga
1068 4282 1154 4392 'mi-
