3000 5075
306 515 575 592 Horrorem
614 473 859 604 Eburum
899 512 1071 588 Pnrmr.
1210 499 1213 505 ’
1248 528 1342 611 147'

155 668 157 672 ’
181 683 278 753 runt,
301 686 337 738 et
362 666 430 737 hec
450 668 523 739 adin
550 663 684 737 fuerunt
711 668 865 762 inportu
890 664 935 734 de
957 661 1080 758 Swyn.
1120 658 1205 734 Inde
1236 662 1278 730 A.
1297 658 1341 731 D.

182 775 337 870 perrexit
349 775 426 843 Rex
442 771 530 870 opud
545 780 685 864 Bruges,
696 772 753 845 ubi
768 773 893 844 Comes
907 773 1075 844 Fiandriae
1086 797 1206 846 occur·-
1244 763 1333 829 ¹²97·

183 903 262 959 tens
281 884 315 952 ei
337 871 484 972 obviam,
510 881 655 981 suscepit
679 904 857 955 eumcum
883 885 1038 956 inmenso
1060 885 1199 977 gaudio‘.

182 994 250 1066 Cui
275 996 352 1067 Rex
371 997 435 1082 rit,
466 1014 535 1066 erce
559 1001 592 1069 iu
614 1000 765 1068 auxilium
792 1014 876 1067 tuum
902 1000 1049 1083 uenimus,
1075 1002 1197 1073 Comes.

182 1107 275 1178 Nunc
298 1129 364 1197 ergo
386 1108 417 1173 iu
439 1105 528 1199 hostes
541 1108 716 1199 procedere,
741 1131 781 1176 au
795 1107 835 1175 ed
851 1125 966 1198 ternpus
983 1105 1131 1200 quiescere
1147 1111 1201 1179 de-

182 1211 317 1300 bromus,
342 1214 514 1283 iudicauod
517 1219 560 1283 is.
598 1213 805 1285 Exercitus¹
816 1218 906 1285 enim
923 1218 1029 1304 Regis
1051 1220 1198 1287 Franciae

183 1346 255 1396 non
270 1321 412 1393 distabat
430 1322 518 1394 ab
488 1349 549 1412 ers,
565 1322 625 1395 nisr
641 1347 698 1420 per
714 1320 797 1394 duas
811 1323 923 1394 leucas
939 1324 1098 1397 modicas.
1135 1330 1200 1400 Vi-

181 1429 268 1502 dens
287 1417 398 1504 aute‘rn
416 1434 537 1505 Comes
555 1430 663 1530 ipsum
681 1424 863 1531 respeeiive
880 1419 1033 1526 viribus
1024 1458 1202 1534 imparem,

181 1543 345 1638 eoquod
369 1549 536 1617 exereitus
561 1550 709 1618 Franciae
732 1545 927 1644 pergrandis
950 1523 1062 1619 fuerat
1087 1568 1123 1618 et
1145 1551 1197 1623 in·
1202 1610 1204 1614 .
1229 1621 1231 1637 ,

181 1655 328 1743 mensus,
353 1658 401 1726 ait
418 1655 484 1746 ilii,
510 1662 640 1730 Domine
656 1661 697 1730 roi
714 1660 795 1746 Rex,
820 1684 877 1731 noo
893 1667 1037 1754 possuurus
1058 1665 1089 1731 io
1107 1667 1119 1699 ²
1124 1682 1200 1754 pre-

175 1768 261 1862 ferri
275 1791 313 1872 eu
327 1785 450 1859 arrupro
459 1771 629 1858 procedere,
651 1771 773 1862 eoquod
787 1769 853 1861 estis
863 1770 1126 1864 ieioreforigeri;
1144 1772 1201 1864 sed

180 1874 222 1971 esd
237 1879 312 1949 rodii
329 1880 446 1949 Cioitor
462 1876 556 1967 fortis
575 1895 606 1948 et
622 1877 838 1972 benemerito,
858 1878 978 1972 [cilicet
996 1885 1133 1970 Gowur,
1160 1885 1202 1954 ad

147 2003 152 2009 ’
181 2013 273 2084 quam
286 1990 503 2067 declinabimus
517 1991 557 2061 ed
566 2008 694 2081 ternpus,
708 1990 856 2084 quousque
868 1992 954 2063 robur
966 1991 1091 2087 nmirum
1104 2011 1136 2064 et
1144 2018 1199 2066 ue-

174 2107 299 2196 gotium
321 2104 427 2174 medius
441 2121 496 2193 pro
513 2117 579 2173 oure
595 2101 760 2172 ordinetur.
803 2105 848 2172 Et
864 2100 1038 2198 adquievit
1054 2107 1086 2173 ei
1108 2107 1199 2195 Rex,
1244 2167 1249 2179 ,
1285 2189 1287 2191 ,

180 2228 218 2314 et
235 2215 407 2308 precepit,
432 2232 469 2283 ut
486 2214 677 2283 ³exereitos
701 2214 828 2284 viarum
844 2232 879 2282 et
899 2216 1081 2286 introitum
1099 2230 1198 2288 terre
1307 2275 1318 2281 .

180 2323 397 2398 observarent
416 2322 591 2424 pedestres,
619 2346 661 2397 eo
679 2325 836 2424 quodibi
853 2326 928 2399 sunt
946 2325 1063 2400 fossata
1078 2330 1197 2418 multu,

139 2478 143 2483 ³
180 2439 293 2532 donee
310 2443 375 2511 iter
389 2439 691 2539 inceptumager‘et
705 2441 747 2513 ad
761 2440 902 2513 eandem
918 2442 1113 2530 Civitatem.
1154 2448 1199 2514 Et
1296 2451 1298 2454 ⁴

181 2554 260 2648 quia
276 2557 364 2626 ciues
376 2554 576 2647 Burgenses,
594 2551 678 2627 srcut
694 2574 729 2624 et
743 2558 832 2625 cives
846 2555 986 2627 aliarum
1001 2558 1200 2648 Civitatem,

181 2659 312 2759 seilicet
323 2668 465 2760 Doway,
484 2673 571 2763 ipre,
587 2671 708 2739 Gawnt
722 2684 756 2734 et
771 2666 883 2735 Sondii
900 2664 1064 2736 Odomori
1067 2667 1198 2765 ,paulo

129 2840 133 2846 ,
180 2790 258 2842 unte
275 2769 307 2842 se
321 2771 488 2843 dederant
504 2764 592 2863 Regi
611 2776 772 2861 Franeiae,
797 2798 874 2843 cum
894 2770 1107 2847 defensorem
1126 2802 1196 2848 non

181 2880 343 2955 haberent
367 2907 477 2979 neque
504 2900 803 2980 propugnatorem,
825 2883 916 2979 juffit
939 2888 1028 2975 Rex,
1053 2906 1094 2959 ne
1116 2886 1197 2959 aliis
1241 2912 1260 2950 s

180 2991 269 3065 forte
284 3014 510 3080 mutarentur,
530 3014 566 3065 ut
581 3014 617 3063 et
630 2990 833 3065 fidelitatem
847 2993 935 3067 fibi
923 3017 1076 3093 jurarent
1086 3018 1121 3075 et
1134 2995 1196 3069 ob·
1219 3036 1221 3043 ·

180 3101 265 3175 sides
287 3100 418 3182 darent.
475 3103 558 3194 Qu
584 3100 687 3192 sudio,
714 3104 903 3202 proceffit'
892 3132 927 3178 m
944 3109 1003 3178 via
1015 3105 1069 3179 sua
1082 3106 1197 3181 uersus

180 3217 315 3301 Gawnt,
335 3210 592 3311 respicientibus
609 3214 644 3281 in
662 3231 739 3283 eum
752 3213 908 3300 Francis,
918 3210 977 3286 sed
993 3240 1059 3312 npn
1073 3212 1196 3315 probi-

136 3418 137 3422 *
179 3323 259 3396 bere
276 3316 475 3396 valentibus
515 3321 699 3396 Timebunt
714 3324 805 3396 enim
821 3323 988 3421 pedestres
1006 3325 1114 3421 Regis
1129 3336 1197 3402 Αιι-
1355 3403 1357 3408 ,

178 3436 269 3527 glire,
285 3457 328 3504 eo
344 3434 440 3532 quod
456 3448 551 3506 erent
564 3453 606 3505 ex
623 3434 672 3505 eis
687 3415 849 3527 sagittarii
870 3432 983 3528 multi,
1003 3456 1198 3511 mouerunt·
1303 3501 1305 3506 .

179 3561 250 3643 que
266 3543 368 3615 costra
392 3540 448 3615 sua
466 3541 572 3640 usque
596 3544 1053 3641 Corteray,⁴quaed1statir
1077 3546 1200 3620 Gawnt

179 3669 243 3750 per
255 3649 468 3722 ouoleucas.
500 3646 648 3719 Mansrt
638 3670 754 3749 rtaque
765 3656 842 3722 Rex
853 3649 1060 3749 nosterapud
1071 3653 1199 3727 Gownt
1216 3729 1218 3733 ,

179 3779 242 3860 per
257 3758 329 3831 dies
347 3760 523 3872 plurimos,
549 3783 582 3831 et
569 3761 771 3860 pedestres
768 3762 824 3834 sui
840 3760 1036 3862 frequenter
1052 3760 1195 3853 agebunt

179 3870 309 3970 predas
326 3857 534 3978 plurimas,
524 3891 615 3942 rnter
636 3895 716 3969 quos
733 3869 848 3944 villam
868 3871 912 3943 de
931 3877 1063 3968 Dampe
1080 3861 1126 3942 stc
1143 3867 1197 3943 di·

221 4088 235 4131 1
263 4069 383 4132 Autem
402 4075 434 4131 T.
477 4091 496 4132 2
519 4064 689 4132 Proesentru
703 4084 742 4128 ex
757 4061 893 4146 abrupto
912 4066 1006 4143 Ἐς
1028 4059 1219 4125 Aaronom·

179 4158 297 4239 conjecit
311 4155 347 4218 el.
357 4156 554 4239 stillingfletus
565 4158 595 4219 ior
607 4159 644 4260 Q.
679 4152 786 4229 Malim
800 4152 896 4214 eutem
910 4170 971 4214 rem
985 4146 1066 4232 Μ’
1078 4154 1127 4215 Tr.
1142 4170 1198 4213 ex-

178 4244 483 4331 itus,4QodT.

549 4363 558 4370 -
726 4327 808 4396 T2
911 4336 913 4339 ’
1008 4369 1010 4374 -
1111 4322 1198 4393 eram
1310 4323 1320 4342 “
