3000 5075
206 514 234 574 c
492 437 1121 601 PRAEaurro

307 668 383 754 fuit
399 683 439 757 δι
456 675 559 758 aliud
576 704 697 787 genus
711 675 928 814 hominum,
940 676 1020 786 qui,
1035 673 1075 756 se
1089 697 1230 757 omnes
1244 671 1377 771 sere

307 792 497 905 religiosis
517 797 619 880 adeo
636 797 769 882 soille
760 800 948 902 mimicos,
974 797 1175 903 dicebant,
1191 813 1238 876 ut
1250 792 1325 876 Co·

310 918 416 1001 dices
431 924 481 1004 ab
496 923 585 1032 ipsis
599 927 787 1035 scriptos
776 946 954 1036 integros
966 944 1087 1006 etiam
1101 942 1254 1003 temere
1265 916 1328 999 do

311 1045 457 1128 struere
473 1048 550 1130 ausi
567 1047 654 1132 smt.
713 1047 973 1162 Cujusmodi
963 1069 1062 1133 1tem
1087 1044 1329 1128 homines&

312 1184 417 1255 nunc
443 1173 580 1257 itidem
593 1173 745 1257 dierum
759 1176 905 1258 exstare
922 1171 1153 1284 permultos,
1171 1167 1334 1281 apertis:

313 1296 450 1382 sumum
478 1303 553 1382 elle
573 1302 766 1400 arbitror;
793 1328 960 1412 quorum
987 1298 1171 1410 equidem
1197 1313 1332 1405 patro·

212 1510 215 1518 ,
315 1424 462 1507 cinium
476 1454 557 1507 non
568 1424 707 1511 desunt
720 1427 795 1509 viri
807 1426 941 1538 magni
958 1422 1125 1508 nominis
1140 1419 1206 1533 qui
1222 1416 1335 1501 susci·

300 1549 440 1655 piant.
486 1557 630 1638 Verum
649 1580 727 1664 ego
750 1582 833 1635 non
855 1560 987 1663 quaero'
1005 1570 1121 1650 nunc,
1152 1568 1333 1657 quaenam

315 1670 393 1755 smt
410 1675 571 1757 nomina
590 1675 631 1758 id
650 1688 775 1788 genus
794 1695 1068 1797 patronorum,
1094 1667 1163 1751 sed
1187 1692 1337 1752 moneo

255 1808 259 1813 ’
317 1796 506 1883 duntaxat
514 1800 709 1911 doleoque
720 1823 855 1905 etiam,
864 1821 1014 1883 tantam
1028 1801 1193 1908 stragem
1204 1797 1336 1905 (quam

317 1925 584 2028 incredibilem
611 1927 801 2009 verissime
827 1926 1026 2032 vocarim)
1052 1924 1198 2018 fastam
1226 1919 1338 2004 fiuiffo

317 2075 496 2156 operum,
527 2057 551 2132 a
580 2051 780 2132 monachis
805 2047 1131 2160 consignatorum,
1168 2041 1337 2154 quorum

317 2176 498 2280 perplura
510 2176 663 2283 penitus
675 2175 807 2258 deleta
821 2202 866 2258 ac
881 2173 1035 2282 perdita
1049 2170 1158 2254 fuiffe
1170 2169 1338 2272 constat,

238 2312 244 2326 ’
318 2296 468 2406 aliaque
484 2299 602 2380 etiam
622 2301 677 2382 ita
693 2300 885 2405 mutilata,
894 2318 938 2382 ut
956 2289 1181 2411 fragmenta
1198 2294 1339 2377 dunta-

302 2444 387 2504 ·‘xat
407 2425 621 2509 eorundem
635 2445 737 2510 nunc
753 2426 837 2510 sere
854 2427 1016 2509 exstent.
1054 2436 1100 2510 ln
1117 2413 1196 2533 qua
1210 2420 1337 2531 strage

205 2649 207 2654 ¹
321 2559 362 2632 δι
387 2558 425 2636 S.
442 2558 597 2637 Parrum
617 2556 794 2639 Ecclefiae
813 2568 852 2640 &
876 2557 1079 2638 auctorum
1098 2550 1337 2636 clafficorum

323 2672 513 2758 Codicum
537 2676 665 2759 clades
690 2676 794 2760 sacta
819 2680 875 2760 est
889 2680 1015 2793 plane
1041 2674 1253 2759 horrenda.
1290 2671 1337 2757 Id

324 2799 431 2907 quod
443 2814 483 2884 &
499 2803 579 2911 ipse
594 2798 707 2886 sallus
730 2807 787 2886 est
802 2809 975 2917 Joannes
997 2801 1149 2905 Baleus,
1176 2797 1336 2907 partim·

321 2953 398 3034 que
414 2926 532 3030 etiam
551 2917 789 3034 deploravit,
806 2928 949 3035 alioqui
970 2926 1058 3006 sane
1071 2921 1283 3029 Puritanur,
1296 2931 1338 3005 δε

322 3052 363 3133 in
383 3052 535 3135 illorum
555 3080 720 3137 numero
737 3052 964 3157 censendus,
979 3050 1051 3159 -qui
1069 3045 1346 3157 religiosorum·

325 3176 549 3263 adversariis
561 3208 643 3262 non
659 3178 783 3261 solum
799 3174 982 3278 laverint,
1010 3170 1074 3252 sed
1090 3181 1131 3253 δι
1142 3166 1338 3275 suppetias

326 3308 499 3389 tulerint
553 3308 635 3420 Qi
598 3326 792 3392 utamen
812 3298 1014 3389 adversarii
1037 3293 1188 3404 publice
1206 3290 1340 3399 prodi·
1343 3290 1367 3305 ”

278 3501 280 3505 .
327 3428 481 3535 de1·,unt
509 3429 549 3511 se
565 3457 606 3525 re
625 3456 716 3513 vera
741 3423 799 3506 rei
823 3420 1036 3523 litteraria,
1065 3417 1339 3543 religionisque

209 3572 211 3575 ’
289 3582 296 3596 ’
327 3559 445 3642 etiam
461 3559 665 3669 primaevae,
682 3574 872 3664 patronos
889 3549 997 3632 fuisse
1012 3550 1197 3651 strenuos,
1214 3544 1338 3656 hypo·

325 3686 441 3766 critas
469 3683 823 3795 quomodocunque
843 3674 1100 3776 detestabiles,
1126 3670 1337 3780 populique

325 3812 556 3919 deceptores
577 3809 991 3917 improbos3'quorum
1010 3802 1184 3910 posteros
1205 3798 1337 3907 paffim

325 3956 486 4021 notatos
511 3936 642 4020 videas
664 3936 706 4017 in
735 3929 914 4027 Historiis
933 3929 1027 4011 belli
1049 3924 1186 4033 nuperi
1208 3923 1338 4029 ciuilia,

325 4058 563 4170 dignillimos
591 4059 786 4196 profesio,
814 4058 877 4165 qui
907 4076 1034 4137 morte
1060 4053 1350 4161 plederenturp

133 4251 143 4260 .,
243 4290 246 4293 q
325 4183 394 4266 ersi
419 4186 592 4295 plerique
611 4181 795 4292 principis
821 4176 1100 4280 clementissimi
1124 4175 1337 4258 misericor·

174 4401 387 4523 Α
1110 4320 1113 4325 ·
1198 4298 1337 4384 diam

377 4429 455 4503 -·«ῑ;
