3000 5075
246 485 326 553 ηε
529 459 1201 543 Wlirrrtrilrurtcorouo
1291 462 1299 478 ‘

228 627 269 695 A.
287 626 332 693 D.
361 625 535 721 venitque
551 620 600 693 ibi
620 647 696 693 cum
715 643 839 711 magno
859 636 1023 717 apparatu
1041 614 1239 691 Cardinalis
1258 613 1360 716 Hispa

238 710 328 793 ¹3⁰⁶·
363 736 441 822 niae,
466 727 579 802 missus
594 734 613 802 a
631 730 787 802 Domino
804 749 893 826 papa
912 748 977 824 pto
996 726 1182 816 maritagio
1204 723 1274 797 filii
1291 727 1361 817 regit

362 841 492 932 Angliae
503 866 578 913 cum
592 838 661 911 filia
676 840 766 930 tegis
775 839 926 910 Franciac
938 831 1180 932 adimplendo,
1193 832 1362 910 secundum
1381 860 1385 873 ¹

364 948 637 1020 'ordinationem
658 943 756 1016 bonae
770 946 941 1016 memoriae
957 939 1136 1041 quondam
1155 969 1254 1045 papae
1277 947 1363 1020 noni·

363 1061 458 1150 facii,
482 1061 541 1158 qui
565 1055 662 1153 super
686 1055 755 1128 hoc
779 1054 965 1129 secundum
985 1053 1081 1153 quod
1094 1152 1096 1157 Ι
1108 1055 1361 1154 praedicturus}
1395 1088 1397 1093 ·

362 1189 494 1244 certum
511 1165 735 1240 ordinaverat.
778 1169 951 1264 Fadioque
966 1161 1124 1240 sermone
1138 1177 1178 1244 &
1189 1152 1361 1264 longoua·
1396 1222 1397 1239 .

363 1285 456 1355 &atu
467 1277 564 1378 supet
577 1275 706 1349 bonum
722 1278 827 1374 pacis,
843 1278 880 1347 in
892 1275 963 1348 fine
979 1271 1154 1352 revestivit
1171 1275 1208 1352 fe
1224 1302 1263 1356 et
1277 1277 1360 1352 ceteri

363 1383 513 1487 episcopi
531 1388 591 1486 qui
610 1383 762 1458 aderant.
802 1380 1023 1482 Accensisque
1040 1385 1200 1461 candelis
1217 1409 1255 1462 et
1272 1385 1360 1487 pulser

324 1540 327 1545 ·
361 1502 408 1572 tis
431 1494 612 1592 campanis,
640 1491 842 1565 terribiliter
856 1495 1247 1569 excommunicaverunt
1262 1496 1361 1570 Domi

359 1630 443 1680 num
456 1602 647 1676 Robettum
662 1600 707 1674 de
723 1609 807 1677 Brus
822 1626 899 1674 cum
914 1595 1104 1675 fautoribus
1123 1601 1361 1706 suis,tanquau

360 1717 537 1789 hominem
552 1714 739 1812 perjurum,
763 1733 800 1786 et
816 1710 1089 1814 perturbatorem
1105 1717 1271 1814 injustum
1285 1744 1360 1792 com·

360 1826 471 1898 munis
487 1823 578 1920 pacis
593 1842 630 1894 ct
650 1824 791 1918 quietis.
834 1822 1001 1918 Sequenti
1016 1845 1099 1895 veto
1119 1824 1184 1898 die
1209 1824 1359 1901 facular-

360 1961 464 2009 mone
485 1940 505 2008 i
526 1937 680 2008 Domino
701 1930 968 2031 Atcbiepiscopo
990 1930 1164 2025 Eburum,
1190 1933 1359 2036 responsum

360 2048 407 2120 est
417 2043 594 2118 Cardinali
610 2048 646 2116 iu
659 2041 798 2117 ecclesia
809 2041 1088 2116 Canonichorum
1106 2045 1276 2140 Karlioli,
1291 2071 1358 2148 pra·
1397 2098 1398 2103 η

360 2156 455 2232 sente
467 2158 623 2229 Domino
636 2157 736 2247 Rege
748 2172 785 2226 et
800 2147 994 2248 responsum
1008 2151 1273 2246 authorizaute‚
1284 2153 1359 2255 quod
1396 2190 1399 2245 2

359 2281 494 2357 paratos
505 2260 752 2332 eratDominus
762 2282 873 2333 rexex
884 2275 977 2357 parte
987 2254 1044 2332 sua
1054 2261 1231 2357 perficere
1244 2288 1359 2340 omnem
1397 2254 1399 2263 ’

358 2372 454 2445 illam
478 2371 748 2462 ordinationem,
776 2393 882 2469 quam
898 2368 1025 2444 fecerat
1043 2372 1107 2446 ille
1132 2373 1244 2451 boum
1260 2379 1360 2475 pastor,

359 2495 478 2586 ²pater
490 2504 525 2557 et
542 2509 629 2587 papa
643 2481 852 2559 Bonifatius.
889 2488 980 2559 Dum
992 2506 1109 2559 tamen
1128 2491 1302 2565 Dominus
1313 2517 1361 2567 rer

358 2602 509 2675 Francia
529 2624 573 2670 ex
600 2618 694 2697 parte
713 2597 770 2670 sua
788 2595 891 2669 vellet
909 2594 1063 2667 stmiliter
1078 2596 1288 2699 adimplere.
1323 2601 1360 2670 Et

357 2718 408 2787 ait
429 2709 631 2799 Cardinalis,
663 2708 754 2807 quod
777 2707 862 2781 bene
879 2708 984 2781 vellet
1003 2728 1039 2782 et
1056 2707 1174 2804 plene.
1220 2717 1267 2783 Et
1286 2708 1359 2783 dixit

358 2849 432 2910 rex,
455 2846 523 2894 uon
539 2818 621 2892 dum
637 2819 722 2891 mihi
744 2820 843 2917 plene
865 2820 1009 2892 restituit
1029 2842 1156 2893 terram
1175 2818 1361 2908 Wasconic,

357 2950 462 3028 prout
475 2925 688 3000 ordinaverat
702 2951 787 3024 papa
797 2926 997 3029 praedistus.
1022 2927 1168 3002 Defecit
1178 2936 1275 3006 enim
1285 2930 1356 3005 mihi

357 3039 499 3113 castrum
514 3036 560 3108 de
579 3036 768 3132 Mawlyon,
792 3040 818 3110 i.
835 3036 880 3109 de
895 3037 984 3109 malo
1003 3033 1118 3127 leone,
1145 3043 1247 3140 quod
1263 3045 1358 3116 elica·
1372 3116 1374 3122 ,

354 3150 459 3223 strum
472 3145 683 3219 fortissimum
698 3168 734 3220 et
750 3144 843 3246 quafi
859 3146 1131 3247 inexpugnabile.
1177 3154 1315 3229 Reddat
1326 3152 1359 3227 il·
1397 3217 1400 3236 ,

357 3260 433 3351 lud,
457 3264 495 3331 &
508 3258 625 3329 omnia
640 3256 826 3354 perficiam.
867 3261 911 3329 Et
924 3256 1117 3331 Cardiualis
1132 3259 1181 3333 ad
1196 3263 1284 3337 haec:
1303 3268 1358 3338 Dr
1394 3241 1400 3318 l

354 3375 437 3443 mine
454 3373 508 3458 mi,
522 3374 592 3455 jam
607 3370 639 3437 in
650 3367 764 3462 faifina
781 3371 866 3440 illius
883 3367 971 3462 castri
984 3368 1357 3466 eleominutRexFrrt·
1397 3373 1400 3454 s

353 3485 424 3556 ric:
442 3477 597 3574 satisfecit
612 3480 692 3549 enim
708 3479 815 3565 militi,
840 3483 892 3573 qui
914 3482 991 3551 illud
1006 3499 1162 3573 tenuerat,
1181 3506 1245 3578 pro
1262 3512 1356 3584 magra
1395 3487 1401 3558 ξ

350 3595 470 3688 summa
480 3592 612 3684 pecunie
622 3593 692 3676 sam
702 3588 817 3681 soluta,
843 3609 875 3662 er
889 3609 1019 3682 paratus
1036 3592 1075 3688 est
1091 3595 1172 3668 illud
1188 3603 1287 3673 ³nobir
1301 3603 1357 3672 rel·
1393 3565 1401 3652 l

353 3704 425 3773 dete
440 3704 472 3771 in
484 3702 578 3773 brevi.
605 3702 650 3768 Et
663 3699 712 3768 ait
723 3721 794 3785 rex,
809 3702 942 3772 volumus
954 3701 1122 3776 deliberate
1126 3703 1223 3801 supet
1234 3711 1288 3781 hoc
1296 3731 1356 3805 per·
1391 3653 1401 3826 l

352 3812 514 3898 modicum,
531 3804 770 3905 ordinavitque
780 3809 947 3881 Dominus
957 3811 1047 3898 Rex,
1066 3815 1171 3909 quod
1185 3819 1284 3915 juxta
1293 3842 1357 3890 eum
1390 3833 1402 3910 ¹:

354 3944 504 3994 maneret
513 3918 714 4009 Cardiualis,
727 3919 903 4021 quousque
916 3921 1016 3995 miffis
1032 3932 1172 4003 nunciis
1189 3929 1356 4033 peripsum
1385 3915 1401 4100 p

397 4148 412 4191 r
437 4129 559 4195 Bonam
580 4130 816 4199 ordinationem
839 4134 932 4200 bouae
949 4135 1001 4226 T..
1037 4124 1065 4201 2¹
1081 4136 1196 4222 Bonus
1218 4139 1353 4229 paterii
1400 4103 1402 4110 ‚

355 4237 371 4303 3
393 4219 535 4310 YobisT.
556 4223 674 4306 resisus,
693 4222 866 4290 vividetur.

1288 4308 1353 4384 Car·
