3000 5075
298 483 554 566 H1sro1r1n
593 486 832 566 Bovium
866 481 1044 563 'Prmrn
1209 511 1288 578 227

154 629 373 717 Cardinalem
389 633 635 708 certificaretur
645 634 815 708 Dominus
830 656 889 706 rex
901 631 945 703 de
958 632 1031 732 ipso
1045 634 1165 706 castro.
1197 639 1239 703 A.
1257 637 1301 703 D.

154 740 351 840 Manfitque
368 740 417 815 ibi
432 740 564 815 duobus
582 739 761 831 menfibus,
784 741 1020 815 ethonomus
1036 744 1082 816 est
1097 743 1166 816 vai·
1207 721 1297 802 ¹³⁰⁶·

160 850 218 924 de.
257 854 414 952 Cumque
427 850 605 950 accepiffet
618 849 823 950 responsum,
837 851 930 950 quod
944 857 1111 928 Dominus
1123 854 1166 926 il·
1276 934 1283 943 ,

155 956 225 1037 lius
240 959 334 1032 castri
352 961 462 1033 noluit
478 958 563 1031 iilud
581 958 723 1033 reddere
737 963 809 1051 regi
824 962 850 1031 F
852 963 982 1048 ranciae,
1006 985 1165 1034 uerecun-

158 1065 260 1138 datus
275 1065 321 1139 est
338 1069 373 1139 in
392 1067 541 1142 sermone
557 1073 566 1107 ¹
582 1068 741 1168 promidi,
766 1089 802 1140 et
826 1068 987 1168 (accepta
1003 1069 1170 1164 licentia)

155 1174 366 1249 reversus-est
382 1177 425 1251 ad
443 1198 553 1276 partes
576 1178 743 1251 australes.
789 1176 955 1275 Juffitque
977 1202 1047 1266 rex,
1074 1179 1168 1275 quod

154 1283 349 1357 Londoniis
364 1306 551 1358 remaneret
565 1281 741 1382 quousque
755 1282 895 1356 haberet
912 1282 1005 1356 aliud
1018 1288 1055 1356 in
1073 1312 1166 1359 man·
1180 1300 1183 1306 '

154 1390 260 1467 datis.
294 1392 489 1492 Mausrtque
502 1389 606 1488 usque
620 1391 692 1487 post
707 1389 839 1463 obitum
852 1394 954 1484 regis,
967 1393 1164 1494 habuitque,

158 1524 202 1573 ex
217 1500 423 1573 conceffione
439 1503 582 1574 Domini
608 1526 710 1598 papae,
735 1504 870 1598 ’primo
890 1501 1040 1579 adventu¹
1055 1503 1114 1579 suo
1130 1510 1167 1578 in

161 1609 318 1700 Angliam
344 1633 407 1707 pro
426 1609 492 1682 suis
516 1607 701 1706 expensura
723 1606 858 1700 fingulis
882 1611 1038 1709 capitulis
1059 1618 1167 1688 torius

153 1719 294 1812 Angliae,
308 1720 483 1793 Hiberniae
498 1729 535 1794 &
546 1723 684 1808 Scociae,
701 1717 889 1792 duodecim
904 1747 1030 1796 marcas
1047 1750 1166 1817 argen-

154 1838 193 1910 ti.
240 1839 321 1907 Nec
340 1859 402 1933 pro
416 1838 466 1906 eis
482 1854 613 1907 tantum
631 1831 745 1912 facere
757 1832 875 1922 uoluit,
898 1834 992 1935 quod
1005 1835 1165 1914 solventi-

155 1945 218 2019 bus
234 1945 357 2019 fierent
373 1945 480 2019 l'iterae
500 1942 800 2045 adquietaneiales.
849 1946 979 2018 Eodem
999 1972 1088 2021 anno
1104 1951 1164 2022 ha·

128 2121 132 2125 .
155 2057 232 2132 buit
249 2060 420 2139 Dominus
436 2081 506 2146 rex,
532 2081 574 2128 ex
589 2054 683 2128 dono
699 2058 842 2128 Domini
862 2080 971 2152 papae,
991 2081 1029 2130 ut
1044 2061 1165 2156 praedi·
1295 2116 1298 2123 .

153 2173 247 2243 &um
260 2170 317 2259 est,
331 2171 500 2242 decimam
517 2164 706 2243 biennalem
723 2166 914 2260 Anglicauae
927 2167 1082 2259 ecelesia,
1097 2175 1164 2243 Hi-

155 2279 281 2355 berniae
299 2289 336 2354 &
355 2285 491 2369 Scociae,
519 2287 555 2354 &
579 2307 653 2353 eam
676 2278 762 2352 fecit
777 2280 877 2353 levari
900 2282 935 2352 in
959 2306 1026 2353 uno
1043 2284 1164 2365 eodem

107 2400 116 2409 ‘
154 2414 259 2469 anno.
304 2390 502 2486 Habuitque
518 2415 561 2463 ex
577 2390 769 2464 civitatibus
782 2390 850 2464 suis
865 2413 902 2464 et
916 2390 1031 2486 burgis
1046 2394 1163 2468 uicesi-

153 2526 249 2581 mum
263 2499 452 2590 denarium,
467 2521 503 2572 et
517 2506 536 2573 a
551 2501 678 2600 populo
695 2500 830 2599 reliquo
843 2500 1048 2577 tricefimum
1060 2502 1164 2578 deua-
1295 2545 1300 2553 ·

156 2636 259 2695 rrum,

200 2723 241 2794 Iu
258 2720 438 2815 ³praedidio
455 2718 683 2793 Parliamento
699 2742 776 2790 cum
795 2718 894 2791 multi
917 2718 1023 2791 multa
1039 2719 1162 2819 loque·

153 2849 269 2905 rentur
284 2830 328 2902 de
347 2829 611 2926 oppreffionibus
625 2830 769 2910 Domini
787 2852 891 2925 papae,
921 2855 1002 2926 quas
1021 2834 1160 2929 incepe-

153 2961 207 3015 rat
225 2946 261 3015 in
278 2938 413 3014 occlefia
431 2939 633 3031 Anglicana:
657 2958 736 3009 ecce
754 2933 846 3035 quafi
867 2934 978 3010 subito
1004 2940 1039 3011 in
1055 2938 1160 3037 pleno

152 3050 294 3126 consilio
310 3047 485 3124 deseendit
500 3047 577 3121 talis
593 3045 739 3136 scedula,
765 3043 858 3149 quasi
880 3046 1015 3120 coelitus
1031 3047 1160 3140 emissa,

151 3159 395 3259 legebaturque
407 3158 515 3230 statim
525 3155 700 3253 (audiente
712 3159 824 3248 Rege,
837 3155 1029 3248 cardinale,
1040 3164 1159 3232 etuni-

150 3268 250 3344 verfis
266 3269 407 3368 praelatis
422 3264 549 3342 &aliis
565 3269 626 3365 qui
642 3265 903 3360 convenerant.)
1180 3359 1187 3372 .
1250 3366 1252 3372 ,

202 3382 336 3476 Erciefia
358 3383 448 3452 nobili
469 3369 658 3473 Argiicarra,
682 3382 715 3450 in
729 3382 792 3450 iuro
812 3376 850 3451 (r
866 3383 965 3450 latere
984 3384 1157 3473 arciilauri,

153 3494 354 3587 Perrusfilirrs
367 3494 537 3587 Cassrodrri,
552 3496 638 3564 miles
650 3493 839 3579 Catholicus,
848 3494 936 3583 pugil
951 3493 1055 3586 Christi
1070 3494 1159 3567 iero·

152 3610 214 3692 ris,
221 3603 367 3696 firiurrm,
384 3622 416 3673 rr
422 3607 531 3696 jugum
543 3603 670 3688 abjicere
682 3602 882 3692 captivitatis,
899 3600 1084 3671 &brorium
1098 3625 1152 3671 ac-

152 3718 250 3805 cipere
263 3715 428 3785 libertatis.
470 3714 657 3804 Campania
666 3728 695 3781 re
706 3713 766 3796 cui,
782 3711 887 3781 reicui
905 3710 1097 3803 ⁴assimulrbo
1110 3726 1153 3795 rr,

142 3828 217 3920 filia
230 3824 447 3918 ffirrusriemi
482 3821 928 3914 Cuirxaquabote,rirgofilia
941 3825 1038 3920 Syoni
1076 3818 1158 3891 Ma·
1222 3861 1228 3876 ι

147 3960 213 4029 gra
231 3935 269 4030 est
287 3934 403 4009 ’rnim''
418 3938 557 4006 contritio
570 3934 719 4005 ruaretur
733 3954 829 4002 mare.
869 3933 941 4001 Sola
951 3928 1040 4020 faita
1055 3930 1192 4023 essme'
1323 3931 1325 3940 ’

195 4149 209 4191 1
233 4124 448 4207 Praemissum
489 4124 722 4206 alnprimoT.
767 4141 781 4203 3
804 4118 962 4186 Praedidto
972 4136 1078 4186 autem
1089 4142 1160 4205 pard

154 4215 355 4297 liameutoT.
396 4215 660 4305 4Affrmiiaboz
703 4213 918 4371 sslqeqsizirrr.
976 4296 978 4302 ,
1109 4292 1160 4388 fi
