3000 5075
239 480 310 583 2'2'
514 504 785 589 Wnrraur
823 508 1236 622 Hrlurnsrotto,

212 675 256 741 A.
273 674 317 742 D.
351 660 453 760 ptotb
467 661 592 736 dolor!
620 663 744 735 incidit
755 667 790 736 in
806 689 923 735 manus
936 665 1044 756 gentis
1057 660 1247 760 prophana
1261 679 1297 734 et
1308 662 1361 733 iru-

185 860 187 873 .
219 774 309 838 1291·
351 771 495 844 mundae.
542 762 742 871 spurciffi'ma
760 798 840 866 gens
862 798 935 845 eam
952 776 1146 869 occupavit,
1178 792 1231 862 et,
1254 769 1363 844 abralir

351 883 549 954 Christianae
564 883 757 976 Religionis
773 882 971 977 infignibus,
990 881 1262 956 immundislimae
1278 878 1363 955 seda

350 992 417 1066 suae
433 991 617 1085 sacrilegiis
631 994 867 1094 prophanavit.
906 999 1019 1094 Hujus
1035 1015 1151 1067 autern
1169 990 1363 1065 miserabilis

350 1124 387 1174 ct
400 1100 517 1174 famosi
535 1109 732 1177 exterminii
750 1104 881 1180 causam
897 1102 995 1178 fuisse
1009 1125 1158 1203 peccata,
1177 1104 1257 1200 plus
1271 1099 1364 1174 solito

349 1212 568 1304 inundantia,
585 1238 684 1286 nemo
695 1214 799 1288 debet
812 1217 994 1310 ambigere.
1033 1222 1141 1289 Erant
1156 1214 1252 1287 enim
1263 1214 1363 1299 ‚nostri

347 1324 385 1394 in
404 1325 553 1395 Ciuitate
566 1324 623 1396 illa
638 1322 748 1397 sanda
766 1353 849 1418 non,
873 1348 911 1399 ut
926 1329 1025 1416 olim,
1044 1329 1109 1397 viri
1122 1326 1239 1399 Sancti
1253 1346 1289 1397 et
1301 1328 1362 1397 Re·
1394 1418 1396 1427 Ι

348 1433 524 1525 ligiosr,ex
539 1440 632 1508 omni
646 1440 791 1508 nacione
803 1462 875 1533 quae
890 1436 948 1510 sub
962 1437 1066 1510 Coelo
1075 1437 1134 1524 est,
1147 1432 1206 1510 scd
1220 1462 1264 1508 ex
1275 1440 1362 1509 omui

347 1566 449 1635 gente
462 1547 652 1619 Christiana
665 1546 799 1637 fatuofi,
811 1545 987 1639 luxuriosi,
1001 1544 1136 1634 ebriosi,
1151 1549 1251 1621 mimi
1265 1567 1302 1621 et
1314 1548 1361 1623 hi·

345 1658 498 1733 striones.
525 1659 591 1731 hot
606 1683 707 1732 omne
722 1684 827 1750 genus
843 1662 879 1730 in
893 1659 1077 1731 Civitatem
1091 1657 1187 1729 illam
1204 1653 1356 1751 sanem,

346 1785 509 1863 tanquam
525 1769 561 1836 in
579 1764 745 1838 sentinam
764 1765 947 1864 quandam,
965 1766 1193 1856 tonfluxerat,
1219 1791 1358 1864 eamque

345 1873 516 1957 obscoenis
533 1875 685 1949 moribus
705 1899 740 1951 et
757 1878 886 1951 adibus
906 1875 1146 1977 inquinabant.
1182 1877 1264 1951 Istas
1281 1900 1358 1971 ergo

281 2043 285 2050 .
310 1991 313 2001 '
347 1986 522 2085 praedistas
536 1980 705 2061 credimus
721 1988 787 2060 else
802 1988 999 2062 offeufionis
1014 1987 1127 2062 causas
1142 1991 1227 2078 Dei,
1250 1991 1360 2090 perdi·
1386 1980 1388 1987 ¹

347 2086 457 2168 tionis
474 2122 556 2169 vero
576 2097 751 2196 sequentis
768 2103 896 2197 primos
913 2121 1026 2173 motus
1043 2099 1109 2173 else
1132 2100 1232 2174 tales.
1278 2105 1359 2202 Papa

347 2206 489 2302 quidem
506 2208 702 2280 Nicbolaus
715 2231 867 2306 quartus,
877 2209 1066 2283 Orientalis
1080 2209 1239 2299 Ecclesrae
1253 2210 1359 2285 zelum

309 2302 313 2310 ⁴
346 2315 481 2404 habens,
495 2340 557 2414 pro
567 2316 702 2389 Christo
715 2319 881 2390 crucifixo
895 2322 929 2388 in
942 2296 1164 2410 augmentum
1175 2323 1363 2399 Christiani·

345 2425 620 2498 exercitusmifit
636 2425 724 2525 apud
735 2435 856 2500 Aetam
868 2435 946 2504 XV.
963 2428 1057 2503 milia
1074 2429 1271 2524 hominum,
1286 2459 1357 2532 pro·

346 2544 429 2637 priis
447 2538 513 2613 suis
530 2540 700 2638 stipendiis
717 2543 935 2615 militaturos.
975 2545 1048 2637 Qi
1071 2570 1148 2616 cum
1166 2544 1299 2620 ibidem
1315 2545 1357 2620 fa·

346 2674 462 2724 terent
477 2677 606 2723 moram
625 2651 861 2750 prolixiorem,
887 2651 1128 2724 deficientibus
1145 2655 1290 2728 tandem
1308 2680 1358 2728 ne·

345 2761 503 2852 cellariis,
526 2765 671 2853 contigit
685 2758 820 2835 eosdem
837 2763 980 2836 multum
999 2788 1112 2862 egere,
1127 2787 1163 2835 et
1180 2792 1355 2867 pauperem

345 2874 469 2944 ducere
487 2875 590 2943 vitam
606 2893 851 2944 murmurantes
873 2893 992 2944 contra
1009 2898 1126 2958 eorum
1148 2876 1353 2972 praepofitos,

344 2980 466 3083 *ctmjuffi
482 2979 555 3052 sunt
567 3000 625 3049 aut
640 2985 836 3078 repatriare,
851 3004 907 3054 aut
924 2982 1057 3055 sibimet
1073 2982 1148 3080 ipsis
1163 2989 1198 3056 in
1215 2984 1354 3058 netella-
1395 3077 1396 3088 ἵ

344 3098 404 3166 riis
419 3089 608 3191 providere·
683 3085 737 3179 ui,
751 3096 988 3190 oportunitate
1006 3102 1015 3135 ¹
1029 3117 1175 3194 captata,
1196 3096 1352 3193 spoliave-

343 3228 421 3278 runt
445 3219 648 3275 mercatores
671 3204 913 3276 Saracenorum
935 3228 970 3276 et
993 3205 1145 3296 Soldani,
1172 3212 1207 3280 in
1227 3236 1309 3309 pace
1324 3233 1353 3283 ct

225 3357 246 3392 ψ,
342 3336 463 3403 treuga
489 3312 657 3380 communi
682 3332 868 3382 mercantes
894 3310 1024 3383 ibidem
1047 3315 1279 3390 'trucidantes
1297 3316 1353 3394 ali·

209 3404 213 3412 ’
298 3487 303 3494 .
345 3447 443 3523 quos,
472 3442 507 3493 et
531 3419 799 3493 contradictores
821 3448 863 3495 ex
885 3445 962 3496 toto
982 3427 1208 3520 perimentes'.
1255 3427 1352 3523 Qod

343 3567 419 3613 cum
437 3535 587 3609 Soldano
599 3533 680 3608 esset
694 3542 903 3629 nunciatum,
918 3540 1017 3611 millis
1031 3545 1184 3615 Nuntiis
1197 3544 1241 3616 ad
1255 3549 1351 3617 Tem·

325 3648 467 3751 'plarios
483 3671 516 3722 et
533 3649 783 3746 ³Hospitulares
801 3648 1000 3748 ceterosque
1014 3650 1224 3725 Christianos
1239 3652 1351 3751 praedi·
1393 3691 1396 3700 ·

341 3768 402 3834 &a
418 3760 537 3849 Urbis,
553 3764 660 3857 peciit
674 3763 708 3830 in
723 3759 790 3828 hoc
808 3758 897 3830 facto
913 3758 974 3845 fibi
991 3780 1026 3829 et
1040 3756 1105 3830 suis
1116 3760 1285 3855 justiciam
1301 3787 1351 3834 exa

340 3870 464 3956 hiberi,
489 3864 709 3961 ardoresque
729 3863 821 3950 fasti,
840 3864 964 3964 absque
981 3870 1077 3938 omui
1099 3868 1349 3959 reclamatione,

341 3976 536 4076 pledlendos
559 3973 621 4047 srbi
646 3976 751 4056 mitti.
793 3974 899 4067 Qud
917 3974 1212 4068 cum-Christianis
1231 3980 1347 4054 durum
1385 3998 1390 4011 ·

383 4181 539 4265 1Capta,
561 4188 595 4245 T.
636 4179 889 4252 2T1uciaantea
904 4188 939 4255 δι
954 4150 1195 4272 perimentur.
1241 4153 1349 4274 {Ho-

338 4276 514 4367 spitularios
530 4284 563 4340 T.

1300 4363 1347 4435 qi.
1369 4408 1373 4415 .
