3000 5075
303 442 587 537 Hrsfrourn
618 441 864 520 novrum
895 424 1080 521 Furni.
1246 471 1324 522 201

177 616 314 693 grates,
332 600 433 694 quibus
449 623 519 670 eam
527 603 638 689 potera
656 598 830 667 maritare?
861 595 981 690 *adduc
998 618 1067 664 eam
1084 594 1126 664 ad
1141 619 1201 683 me,
1236 595 1280 658 Α.
1295 595 1341 677 D.

185 735 220 780 eo
234 712 313 803 quod
320 711 392 804 filia
408 709 652 802 measpirituaiis
669 705 718 800 est,
736 697 772 775 ¹er
789 729 841 798 ego
857 729 927 775 eam
944 707 980 775 de
997 730 1118 776 camera
1134 701 1203 777 mea
1241 695 1335 757 ¹3⁰²·'

185 826 292 913 nuptui
304 823 439 918 tradam,
448 819 512 914 fine
525 817 650 913 ipfifilio
661 827 749 910 regis,
777 841 823 889 aue
832 817 925 886 alteri
936 817 971 886 de
981 841 1039 910 quo
1050 837 1205 900 contentus

185 936 258 1001 eris.
303 928 464 1002 Credidit
479 930 511 998 ei
528 929 666 1020 Comes,
693 934 731 1000 &
745 948 820 994 eam
837 921 1031 999 adduxit&
1045 929 1119 1016 regi
1134 946 1205 997 tra·

185 1038 278 1112 didit
291 1066 369 1112 cum
383 1039 528 1112 honore
559 1036 627 1108 Sed
640 1037 710 1136 post
725 1033 888 1109 recessum
906 1040 1022 1134 patris,
1037 1033 1145 1135 pofita
1159 1039 1206 1111 est
1240 1026 1244 1042 ¹
1313 1056 1315 1061 '

185 1149 247 1241 sub
270 1153 362 1223 areta
383 1148 584 1239 custodia,
573 1171 621 1220 tta
645 1147 740 1276 quod
762 1146 860 1244 loqui
881 1172 950 1218 non
976 1167 1108 1244 poterat
1127 1176 1206 1228 cum

186 1242 499 1353 Flandrensrbuss
488 1283 560 1331 imo
575 1261 747 1330 evacuavit
765 1280 846 1327 eos
842 1263 861 1326 a
878 1259 972 1327 curia
988 1255 1053 1328 sua
1095 1259 1206 1364 Qud

187 1373 328 1448 audiens
343 1399 471 1464 comes,
496 1370 648 1445 turbatus
664 1372 720 1458 eii,
744 1371 780 1443 et
796 1372 908 1497 primo
926 1370 1068 1466 quidem
1085 1397 1147 1468 per
1163 1372 1208 1445 li-

187 1507 290 1573 teras,
307 1483 443 1556 demum
461 1506 520 1580 per
535 1479 639 1553 semet
655 1477 767 1576 ipsum¹
780 1480 923 1571 rogavit,
945 1499 982 1550 ut
996 1483 1112 1555 mitius
1127 1507 1208 1577 age-

188 1617 283 1668 retur
301 1620 378 1667 cum
395 1591 469 1690 ipso
483 1599 521 1666 &
536 1616 613 1669 curn
629 1587 779 1680 eadem„
800 1586 1065 1686 Responditque
1082 1595 1114 1662 ei
1131 1618 1205 1685 rex,

176 1701 329 1796 rigide
318 1727 552 1801 improperans
565 1725 598 1772 e1
587 1698 655 1772 de
669 1698 799 1772 auxilio
813 1725 881 1772 non
892 1701 1052 1799 praestito,
1060 1712 1100 1778 δι’
1110 1706 1208 1804 quod
1248 1702 1254 1707 ’

189 1812 225 1880 ἰιι
243 1805 453 1905 sedicionem
470 1807 561 1883 suam
585 1806 690 1881 filiam
708 1804 874 1878 maritaffe
890 1808 1001 1881 voluit
1018 1809 1094 1916 filio
1116 1818 1207 1907 regis

189 1919 331 2010 Augila,
357 1926 417 2018 qui
436 1942 509 1994 erat
528 1917 591 1993 fibi
611 1938 693 1990 tunc
718 1913 875 1991 inimicus
898 1922 1075 2019 capitalis;
1101 1947 1137 1998 et
1154 1953 1209 2000 re·

188 2031 280 2105 ceffit
297 2056 412 2104 comes
428 2035 548 2121 iratus,
573 2052 609 2104 et
626 2054 669 2101 ex
686 2051 767 2102 tunc
788 2055 909 2104 vexare
925 2057 1003 2104 eum
1019 2038 1126 2132 coepit
1147 2022 1215 2110 reid

188 2144 407 2238 inquantum
423 2145 551 2247 potuit.
592 2140 719 2211 Comes
732 2163 814 2210 vero
826 2165 905 2211 non
913 2140 1032 2214 videns
1045 2143 1138 2216 aliud
1154 2172 1208 2218 re·
1296 2162 1298 2166 “

189 2245 358 2340 medium,
378 2250 551 2335 associavit
566 2248 600 2326 se
617 2275 690 2344 regi
680 2247 848 2343 Angliae,
873 2259 911 2325 &
929 2276 1045 2327 omnes
1060 2259 1208 2334 Francos

189 2358 293 2454 ejecit
310 2357 354 2430 de
369 2381 459 2433 terra
474 2359 542 2435 sua.
570 2366 615 2432 Et
629 2363 828 2462 prastitit
797 2385 830 2431 er
845 2385 904 2434 rex
917 2336 1013 2436 suum
1030 2369 1208 2464 auxilium,

156 2465 275 2539 'ficut
293 2463 442 2566 superius
460 2473 669 2544 continetur.
709 2471 786 2543 Post
803 2470 898 2567 cujus
917 2471 1088 2568 recessum,
1106 2507 1209 2557 vene-

190 2598 269 2649 runt
285 2577 330 2650 ad
352 2578 549 2675 praedietum
564 2582 727 2651 comitem
742 2584 914 2654 Dominus
933 2580 1082 2655 Karolus
1103 2583 1210 2659 frater

191 2691 281 2781 regis
297 2691 459 2779 Francia,
486 2711 521 2761 et
537 2715 651 2763 comes
667 2690 712 2762 de
731 2692 893 2789 Arthoys,
914 2691 1114 2766 inducentes
1130 2718 1210 2770 eum

191 2797 303 2872 verbis
317 2798 481 2896 pacificis,
496 2798 589 2896 quod
605 2826 682 2873 cum
698 2804 748 2874 eis
763 2806 894 2877 veniret
911 2800 1057 2893 Parisiis,
1079 2803 1138 2876 sub
1152 2804 1209 2905 spe

192 2909 385 2987 concordiae
403 2912 582 3005 faciendae,
602 2935 638 2984 et
653 2916 846 3010 juraverunt
864 2917 909 3007 ei,
928 2913 1102 3012 &infide
1118 2908 1211 3013 misi-

192 3027 249 3095 tiae
264 3020 503 3121 promiserunt,
517 3020 653 3121 quodsi
672 3026 894 3098 ¹concordari
908 3050 976 3097 non
992 3023 1136 3125 possent,
1149 3053 1209 3125 ιιι-

192 3154 274 3218 tunc
292 3131 417 3206 salvum
434 3161 511 3207 eum
533 3133 767 3210 reducerent
757 3164 793 3211 tn
812 3158 936 3210 terram
954 3134 1078 3209 suam
1068 3163 1105 3209 tn
1127 3166 1212 3215 eun-

191 3247 271 3319 dem
290 3245 433 3319 locum²
439 3247 535 3320 unde
552 3246 777 3324 abduxerant.
825 3249 1056 3345 Crediditque
1072 3270 1109 3321 et
1125 3250 1212 3348 abiit

192 3384 270 3431 curn
287 3360 347 3445 eis,
364 3366 401 3432 &
419 3366 438 3431 a
458 3385 538 3452 rege
554 3358 671 3434 dolose
685 3357 841 3435 detentus
858 3363 905 3434 est
919 3383 954 3435 et
972 3364 1207 3438 incarceratus

166 3548 173 3565 ἢ
192 3466 301 3563 Qud
318 3467 435 3541 videns
452 3469 555 3544 frater
570 3476 672 3567 regis,
697 3478 851 3573 quicum
867 3478 905 3550 iu
923 3473 996 3547 fide
1011 3474 1213 3574 susceperat,

193 3605 257 3654 nec
271 3579 415 3683 liberare
426 3608 502 3655 eum
517 3583 643 3674 valens,
655 3586 806 3682 perrexit
818 3587 956 3656 iratusa
970 3580 1073 3655 fratre
1084 3584 1128 3657 ad
1142 3587 1212 3658 Cu·
1272 3598 1273 3602 ’

194 3693 281 3790 riaun
307 3715 502 3789 properans,
529 3714 567 3763 ut
582 3688 814 3781 absolutionis
829 3687 1034 3789 beneficiurn
1056 3687 1100 3759 de
1116 3687 1212 3785 jura-

193 3823 310 3875 mento
331 3802 439 3876 stadio
456 3799 618 3901 consequi
635 3821 833 3891 mereretur,
858 3798 918 3872 ubi
935 3803 1054 3902 apapa
1070 3796 1211 3870 Bonisa-

194 3920 251 3987 cio
269 3920 387 3988 undius
403 3916 497 3988 estin
512 3941 625 4008 regem
646 3915 812 4003 ³Cieiliae,
828 3931 867 3987 ut
882 3930 1001 3984 contra
1018 3933 1131 3999 regern
1146 3918 1211 3981 Ar·

207 4180 260 4260 iae,

244 4224 325 4346 Vos
348 4274 375 4343 Ι.
784 4271 850 4343 Ce
909 4251 913 4262 ¹
1160 4294 1212 4341 ra-
