3000 5075
330 438 1004 544 :Puruunrio
1199 360 1394 519 'xnnv

180 619 446 728 alicunde,sed
460 620 607 731 exipfis
620 615 826 703 visceribus
840 618 1040 703 vetustatis
1049 621 1196 724 omnia,

131 798 134 807 ·
178 772 267 855 quae
282 744 333 828 de
353 744 565 854 priscorum
590 742 703 826 fadis
726 743 971 855 motibusque
996 748 1196 829 memoriae

174 870 370 979 prodidit,
383 859 587 978 sumpsrlle.
625 873 772 951 Fateor
784 888 931 971 tamen,
954 870 1196 952 &nonnulla
1351 926 1356 961 ,,

177 992 338 1081 babere,
359 996 559 1077 audiorem
590 986 869 1102 antiquitatum
899 992 1198 1102 oxoniensium,

176 1115 267 1202 huic
284 1117 514 1230 fragmento
529 1117 613 1219 fue
631 1117 799 1229 gemina,
821 1139 1017 1228 utcunque
1039 1147 1089 1202 ex
1112 1120 1197 1204 aliis

177 1237 351 1325 addudia
374 1239 638 1351 scriptoribus.
684 1238 726 1322 id
755 1242 862 1349 quod
891 1244 1198 1354 antiquariorum

177 1362 314 1474 vulgo,
342 1363 517 1474 adeoque
543 1366 589 1448 iis
612 1365 745 1458 etiam,
776 1366 843 1473 qui
858 1367 1025 1450 necdum
1049 1397 1125 1455 aere
1141 1375 1199 1456 la·
1277 1419 1281 1425 ·

179 1511 333 1594 vantur,
352 1490 589 1573 notiffimum
614 1491 690 1572 effe
713 1490 895 1573 arbitror.
938 1494 1058 1578 Certe
1073 1503 1198 1583 nemi·-

181 1639 271 1696 nem
286 1613 363 1698 hoc
377 1613 513 1726 fugere
530 1615 671 1723 potest,
688 1615 754 1724 qui
768 1615 1022 1724 antiquitates
1041 1620 1124 1707 illas
1144 1626 1197 1710 le·

178 1762 296 1854 gent.
505 1786 513 1801 ·

231 1883 261 1965 §.
279 1875 349 1957 Vl.
376 1872 583 1981 Postquam
610 1868 855 1954 intellexisset
875 1871 933 1954 vir
958 1871 1197 1968 douiffimus

179 1994 360 2080 Thomas
381 1995 529 2077 Galeus
558 2000 743 2104 (propter
770 1996 952 2079 eximiam
976 1997 1197 2090 litterarum

179 2129 423 2228 Graecarum,
442 2149 647 2233 rerumque
664 2124 782 2204 etiam
795 2124 1009 2206 nostrarum
1024 2131 1198 2240 antiqua·

180 2253 501 2358 cumscientiam,
521 2251 656 2360 magni
674 2251 900 2356 aestimatus)
929 2272 1050 2336 tantae
1063 2261 1197 2343 audo-

179 2380 311 2462 ritatis
328 2379 402 2462 elle
416 2376 778 2490 Hemingfordium,
801 2372 850 2459 de
871 2377 940 2460 illo
952 2379 1110 2466 edendo
1128 2416 1196 2471 co·

179 2505 334 2615 gitavit.
372 2513 528 2592 Partem
548 2502 666 2614 igitur
684 2497 868 2611 ejusdem,
888 2503 937 2587 ad
954 2501 1124 2599 mor'tem
1137 2513 1218 2615 us·x

137 2687 139 2692 ,
181 2656 255 2738 que
273 2628 437 2711 Henrici
452 2634 526 2729 Ill,
554 2627 597 2707 in
611 2622 784 2707 secundo
800 2626 996 2709 volumine
1013 2631 1196 2719 Historiae

181 2752 412 2864 Anglicanae
435 2753 675 2859 Scriptorum
706 2752 881 2833 veterum
906 2753 1094 2861 (quorum
1120 2765 1197 2867 pri.

182 2908 285 2963 mum
296 2880 482 2965 volumen
495 2880 536 2962 in
547 2878 674 2960 lucem
687 2876 868 2959 emiserat
879 2880 1052 2989 auspiciis
1065 2893 1198 2999 magni

181 3008 294 3112 Felli,
310 3006 483 3118 episcopi
493 3003 744 3108 Oxoniensrs,
759 3007 971 3112 praestantis
983 3012 1196 3126 judiciium,

181 3135 413 3219 Guilielmus
432 3134 679 3237 Fulmannus)
695 3131 791 3241 juris
808 3128 903 3214 fecit
921 3135 1062 3242 publici
1088 3169 1196 3228 anno

181 3260 347 3345 Domini
378 3267 436 3358 M.
448 3260 538 3343 DC.
549 3263 800 3342 LXXXVII.
840 3261 936 3374 Qo
956 3279 1136 3372 tempore
1153 3282 1196 3355 δε

181 3384 435 3491 posteriorem
454 3401 606 3491 partem
629 3382 667 3462 se
690 3383 792 3489 typis
809 3381 1018 3493 aliquando
1036 3391 1196 3476 manda·

183 3531 311 3596 tumm
325 3510 402 3594 elle
415 3510 610 3619 pollicitus
624 3510 692 3595 est.
732 3509 904 3621 Sedquo
918 3512 1042 3597 minus
1058 3543 1197 3630 perge-

182 3661 242 3723 ret
258 3642 336 3724 alia
353 3638 523 3744 confilia‚
551 3639 790 3749 tandemque
812 3667 917 3721 mors
936 3640 1018 3746 ipsa
1037 3642 1196 3728 obstite·

183 3787 288 3850 mnt.
332 3768 424 3849 Nec
443 3763 600 3874 quidem
620 3790 708 3872 pars
733 3763 859 3846 haecce
881 3764 1071 3871 posterior
1087 3796 1196 3849 com·

182 3914 292 4001 paret
304 3894 348 3974 in
361 3889 483 3974 tertio
496 3889 564 3971 illo
575 3890 770 3973 volumine
779 3889 1077 3995 Historicorum,
1089 3894 1198 4001 quod

184 4019 367 4129 equidem
383 4016 553 4099 Oxoniae
572 4015 738 4122 protulit
757 4016 903 4096 Galeus
917 4018 1021 4101 A.D.
1034 4024 1092 4097 M.
1107 4020 1198 4100 DC.

183 4147 292 4232 XCI.
340 4140 467 4257 Qod
482 4140 510 4226 st
523 4139 735 4247 miraberis,
752 4138 917 4248 Galeum
936 4158 1088 4248 partem
1102 4139 1198 4223 dun·

226 4323 229 4330 ·
715 4305 720 4348 t
1139 4286 1197 4346 ta·
