3000 5075
321 445 585 581 ersroara
626 478 869 556 Eovnnur
909 471 1087 549 Purnr.
1276 501 1324 567 17

193 624 329 709 dachali
352 637 497 723 veniret,
525 653 561 704 et
585 631 689 705 altera
710 635 747 705 in
772 608 889 704 habitu
913 627 1123 724 Canonicali.
1167 631 1213 698 Et
1244 627 1286 692 A.
1304 627 1349 690 D.

194 747 462 846 praeconizatum
491 739 568 829 fuit,
601 742 695 841 quod
719 742 887 815 Monachi
911 761 1070 812 tenerent
1092 760 1213 811 contra
1250 711 1341 774 ¹²8⁸·

193 859 392 929 Canonicos
411 853 611 946 Regulares.
655 853 836 926 Celebrato
853 851 989 925 tandem
1007 849 1213 940 Hastiludio,
1388 835 1390 847 ¹

193 962 467 1061 conspiraverant
482 984 599 1031 eorum
618 957 770 1058 quidam,
793 982 830 1032 ut
850 960 918 1031 ¹ec'
935 959 1121 1033 Nundinas
1138 960 1215 1060 spo·

193 1078 337 1150 liarent.·
372 1077 441 1146 Die
455 1094 569 1143 aurem
583 1070 732 1170 quodam
747 1069 840 1169 quali
853 1075 888 1143 in
898 1069 1071 1167 vesperis,
1083 1085 1120 1143 u't
1131 1098 1214 1169 prae-

150 1234 153 1247 .
194 1179 449 1267 ordinaverant,
458 1174 627 1275 appolrtus
639 1179 684 1248 est
694 1180 783 1268 ignis
796 1179 832 1246 in
846 1173 956 1248 tribus
967 1175 1052 1247 locis
1064 1176 1117 1247 vel
1130 1202 1215 1274 qua-

194 1314 278 1371 tuor
300 1296 362 1364 ²in
388 1295 497 1387 parvis
520 1291 679 1362 tentoriis
702 1310 738 1362 et
760 1289 871 1380 logiis.
924 1287 1074 1362 Accenlo
1098 1291 1215 1388 iraque
1289 1303 1316 1386 J

191 1408 292 1496 igne,
308 1422 343 1472 et
360 1396 560 1470 ascendente
576 1399 612 1468 in
629 1395 736 1468 altum
755 1420 815 1493 per
833 1395 908 1466 loca
922 1400 1027 1487 varia,
1044 1399 1229 1488 exierunt,¹

196 1513 262 1610 qui
280 1527 451 1608 poterant,
477 1513 699 1593 Mercatores,
722 1501 930 1602 asportantes
952 1501 1063 1577 secum
1082 1512 1215 1605 precio
1328 1559 1331 1564 ·
1401 1533 1407 1546 ¹

196 1620 286 1709 liora
300 1616 373 1691 lua.
418 1612 461 1690 At
475 1617 531 1688 illi
546 1614 617 1689 falfi
633 1613 814 1706 Religiofi,
832 1618 891 1711 qui
909 1618 1019 1688 exitus
1034 1612 1162 1688 viarum
1180 1641 1215 1690 et

198 1741 345 1812 Pontem
356 1740 462 1830 Aquae
473 1749 799 1830 praeoccupaverant,
809 1727 1072 1826 rapientesbona
1083 1756 1215 1821 eorum,

197 1869 234 1923 et
247 1847 411 1945 plurimos
429 1844 652 1932 trucidantes,
677 1862 900 1914 oneraverunt
918 1867 1016 1947 naves
1030 1839 1116 1932 suas,
1140 1869 1216 1940 quae

179 1956 252 2030 ‘ibi
271 1977 392 2057 paratae
411 1953 557 2048 fuerant,
584 1976 619 2028 et
638 1959 673 2026 in
690 1949 832 2026 obscuro
848 1951 1014 2026 abierunt.
1055 1951 1215 2051 Ignilque

197 2063 244 2139 fic
266 2065 423 2138 aecensus
435 2062 615 2147 devoravit
632 2064 793 2161 majorem
811 2085 939 2162 partem
957 2062 1216 2155 Nundinarum,
1298 2130 1307 2154 ‚

198 2162 238 2250 et
260 2173 437 2251 eccleliam
461 2175 722 2248 Praedicatorum
742 2179 849 2247 eciam
867 2200 969 2248 vorax
984 2175 1115 2246 flamma
1135 2202 1217 2247 con-

200 2283 349 2384 sumpfit.
403 2282 665 2382 Hujuslccleris
688 2280 781 2382 quasi
800 2286 923 2355 auum
938 2286 1055 2355 extitit
1075 2283 1217 2382 quidam

200 2389 1220 2491 R'obertusChamberleyn,ltr'migerstrenuilfimus,quicon·.

200 2507 311 2582 vidus
324 2501 560 2607 &confelsus,
574 2499 706 2576 eumad
720 2497 938 2598 sulpenlronis
951 2525 1100 2582 mortem.
1111 2502 1217 2579 duce·

202 2638 300 2702 retur
321 2615 363 2689 ab
384 2616 462 2715 iplis
477 2615 731 2691 Mercatoribus
746 2613 906 2711 ejulando
925 2620 1057 2688 veniam
1074 2618 1219 2714 pollula-

202 2733 265 2804 rit.
308 2726 438 2801 Noluit
454 2749 577 2801 tamen
600 2728 750 2803 indicare
772 2714 1073 2824 complices'suos3
1097 2724 1155 2799 sed
1178 2731 1216 2801 in

204 2835 365 2912 domibus
389 2839 473 2934 ejus,
502 2861 584 2935 quas
605 2837 735 2933 pulcras
762 2835 911 2909 habebat
926 2842 962 2910 in
981 2838 1101 2912 eadem
1121 2841 1215 2916 Villa

205 2952 320 3024 sanni
336 2949 474 3038 Botolli,
501 2952 700 3022 invenerunt
716 2951 861 3050 plurima
875 2970 911 3022 et
925 2951 1128 3049 preciofiora
1144 2954 1217 3029 abl·

205 3062 350 3136 condita
365 3057 426 3134 sub
441 3083 542 3136 terra.

565 3344 733 3415 humenti
755 3346 840 3415 billa.

320 3496 383 3569 On
395 3522 413 3569 a
425 3522 457 3569 Μ
474 3523 564 3569 anno
580 3518 672 3570 tanta
689 3502 806 3573 extitit
819 3494 1052 3569 habundancia
1064 3495 1216 3590 frugum,

257 3613 261 3620 '
328 3601 423 3703 quod
432 3606 638 3699 quarterium
648 3603 810 3678 frumenti
820 3602 1026 3677 vendebatur
1037 3600 1213 3697 proxvld.

208 3709 455 3803 sterlingorum,
479 3705 520 3782 'et
544 3713 580 3782 in
597 3711 680 3785 locis
699 3712 869 3810 aliquibus
886 3738 949 3809 pro
965 3712 1059 3785 Xlld.
1088 3712 1145 3784 sed
1166 3708 1228 3802 suf

207 3823 389 3926 perbiente
400 3821 529 3921 populo
543 3832 599 3894 ’et
612 3817 807 3916 ing'raliam,
816 3827 958 3897 mutavit
968 3823 1137 3895 altiffimus
1147 3822 1218 3895 for·
1276 3880 1283 3888 .

207 3930 325 4007 tunam
339 3932 509 4022 illam„ita
522 3934 614 4030 quod
630 3938 669 4005 in.
680 3933 826 4005 lecundo
842 3958 931 4005 anno
942 3931 1112 4028 sequente,
1129 3928 1219 4004 scili·

176 4067 178 4074 ·
209 4063 264 4115 cet
289 4033 468 4131 millesimo
488 4043 573 4117 CC0.
599 4041 827 4136 nonagefimo,
852 4042 1059 4117 vendebatur
1080 4066 1219 4144 quarte·

251 4230 418 4316 1AbestT.
459 4255 479 4297 2
499 4232 655 4320 Inprimis
667 4241 790 4300 tent.T.
837 4257 853 4317 3
872 4237 914 4303 Et
928 4238 969 4304 fic
982 4240 1166 4325 ingroffato,
1180 4208 1227 4302 T}

255 4314 338 4388 Vol.
355 4317 381 4384 1.
758 4367 765 4378 -
824 4318 854 4390 C
1127 4325 1217 4395 rium
