3000 5075
311 473 567 566 Hts'rouln
607 493 849 568 Eovnuot
891 462 1103 571 Prinne
1164 577 1169 587 ,
1243 521 1321 594 149

185 661 264 707 cum
288 637 401 710 multis
418 622 511 726 aliis;
537 661 691 736 exparte
710 644 817 732 Regis
834 639 1037 733 Anglorum
1065 637 1203 738 Episco·
1233 646 1274 709 Α.
1293 645 1339 714 Ι).

187 773 251 848 pus
273 749 524 840 Dunolmensrs,
550 776 626 820 cum
648 755 771 823 ceteris
788 753 957 849 plurimis.
1001 756 1074 848 Qi
1089 759 1204 825 Deum
1241 747 1331 827 ¹227·
1356 839 1359 844 ¹

153 890 159 901 ’
186 882 256 953 prae
272 857 380 928 oculis
397 857 569 948 habentes,
592 879 753 957 tanquam
768 859 834 930 filii
847 885 932 932 verae
944 860 1030 932 lucis
1043 881 1079 931 et
1094 862 1201 958 pacis,
1349 850 1351 854 ¹

187 965 354 1067 praeludia
369 970 566 1059 statuerunt,
589 955 724 1061 treugas
739 967 869 1043 scilicet
883 971 1099 1062 biennales,u
1116 968 1203 1042 festo
1257 1036 1261 1045 ,

187 1083 317 1152 Sandiae
346 1081 543 1178 Epiphaniae
566 1085 710 1155 Domini
735 1082 884 1180 ejusdem
909 1088 1002 1172 anni,
1028 1082 1134 1182 usque
1162 1082 1205 1155 ad

186 1189 280 1292 idem
293 1188 411 1262 festum
428 1190 588 1263 revolutis
602 1194 697 1264 annis
709 1191 855 1265 duobus.
904 1199 948 1264 Et
965 1192 1058 1289 quod
1073 1195 1200 1290 captivi

186 1302 269 1374 hinc
281 1303 362 1375 inde
374 1303 610 1392 redderentur,
625 1301 685 1375 sub
698 1306 863 1375 caucione
874 1325 997 1390 tamen,
1013 1326 1050 1376 ut
1062 1303 1085 1374 sr
1099 1305 1199 1398 plena

157 1422 160 1427 '
186 1439 252 1513 pax
269 1434 403 1506 treugas
417 1441 483 1485 non
499 1412 693 1515 sequeretur
707 1412 886 1501 biennales,
905 1414 957 1485 vel
975 1412 1066 1508 quod
1084 1437 1201 1483 eorum

172 1521 345 1616 weorpora,
367 1523 419 1595 vel
436 1521 549 1594 saltem
564 1525 705 1622 pecnnia
724 1520 783 1594 sub
797 1525 961 1594 caucione
973 1519 1123 1618 exposita
1137 1518 1202 1594 sol·
1264 1540 1266 1544 ’

184 1654 335 1726 veretur,
348 1630 766 1732 supponentesutrumque
777 1638 908 1726 Regem
923 1656 958 1705 et
970 1632 1013 1716 de
1028 1633 1203 1707 voluntate

185 1767 306 1816 eorum
325 1743 514 1837 obligantes
531 1770 589 1817 eos
608 1747 643 1817 in
661 1743 834 1835 omnibus,
851 1765 885 1816 et
903 1769 963 1843 per
979 1747 1115 1836 omnia,
1130 1747 1199 1816 Or*

173 1852 362 1958 'dinarioni
385 1860 527 1930 Domini
554 1860 650 1954 Papae
673 1854 856 1947 Bonifacii,
888 1860 949 1954 qui
972 1853 1197 1943 diffenciones

170 1967 399 2047 'omnimodas
416 1967 587 2041 audiendo
610 1968 792 2040 ¹disiueret
808 1992 843 2041 et
856 1969 924 2047 fine
941 1967 1063 2043 debit'o
1080 1973 1196 2042 tenni·
1276 2003 1279 2021 r

186 2094 297 2146 naret.
322 2077 640 2177 Mittunturitaque
652 2075 992 2175 sollempnesNuncii
1004 2077 1048 2149 ad
1059 2068 1197 2151 Curiam

185 2189 379 2295 Papaekqui
403 2191 576 2288 utriusque
592 2198 699 2285 Regis
725 2197 902 2288 negocium
920 2213 1094 2288 exponunt
1116 2192 1198 2265 dili·

185 2318 316 2389 genter.
358 2304 526 2376 Dominus
539 2328 653 2378 autem
670 2309 771 2403 Papa,
785 2305 910 2378 auditis
926 2304 1102 2377 hincinde
1119 2330 1200 2403 pro·

186 2406 321 2506 politis,
340 2432 375 2489 et
394 2419 645 2489 communicato
667 2413 820 2502 confilio,
844 2413 995 2494 decrevit
1011 2435 1046 2484 et
1061 2412 1194 2493 senten·
1256 2483 1259 2488 .

185 2521 288 2593 ciavit
306 2521 606 2607 inlunemodum.
1182 2542 1184 2546 ’

435 2832 598 2906 Ordinusis
614 2834 702 2921 Pups
719 2828 943 2922 inrerReges.².
1019 2930 1022 2933 Ι
1080 2868 1082 2871 -

185 2972 306 3120 DU
314 2987 349 3054 D
358 2992 396 3057 v
404 2985 449 3056 M
461 2984 541 3057 inter
553 2983 726 3077 Kuriffrmos
739 2989 771 3055 in
779 2986 981 3081 Chrisiofilios
996 2984 1110 3081 nostros,
1119 2987 1197 3057 Pus·-

139 3147 161 3173 ,.
290 3093 399 3184 lippum
418 3095 532 3182 Regem
549 3096 729 3162 Francorum
744 3117 783 3162 ex
795 3111 887 3183 parre
905 3117 978 3179 una,
1005 3109 1037 3161 er
1053 3093 1195 3163 Edwar·
1299 3126 1301 3133 ¹

184 3201 255 3271 dum
268 3203 382 3293 Regem
389 3205 559 3299 Auginum
570 3227 609 3272 ex
623 3204 737 3288 altera,
750 3204 851 3293 Reges
865 3199 1002 3295 illustres,
1012 3186 1194 3294 suggerente

176 3315 301 3400 generis
318 3313 440 3383 bomani
457 3317 588 3399 inimico,
606 3315 694 3402 paris
716 3316 843 3400 ³emilo,
861 3312 948 3406 ftsper
963 3310 1079 3406 dirrrfis
1093 3316 1193 3384 titulis

181 3422 315 3490 materia
330 3419 473 3513 ducendis
488 3446 524 3491 ac
541 3420 723 3511 diffencionis
736 3441 857 3509 exorta,
882 3424 1004 3494 tandem
1021 3423 1112 3492 iidem
1128 3424 1192 3492 Re·
1246 3433 1260 3519 μ’

174 3554 249 3623 ges,
259 3552 318 3622 per
325 3531 476 3626 speciales
492 3537 624 3606 Nuucs'os
644 3554 674 3605 et
690 3540 903 3607 Procuratores
913 3536 998 3629 suos,
1024 3538 1057 3605 ob
1077 3538 1129 3604 boc
1152 3538 1192 3606 ub
1308 3598 1311 3603 .

182 3645 227 3710 eis
242 3644 419 3713 mundatum
436 3645 589 3727 habentes,
614 3647 646 3713 s'n
659 3669 711 3714 nos
728 3643 929 3735 Bonifatium,
947 3649 1064 3716 Divina
1083 3646 1189 3714 Prori-

175 3748 291 3819 'dencia
305 3756 421 3843 Papam
432 3753 529 3837 Vlll,
540 3771 687 3844 tanquam
702 3757 734 3823 in
742 3756 898 3847 priuatum
910 3753 1068 3847 Personam
1081 3759 1188 3826 erDo·

204 3952 463 4019 ‘1¹Diminuerat
482 3960 515 4016 T.
552 3953 682 4034 Legend.
707 3952 886 4036 dirimeret,
912 3978 972 4017 sum
992 3960 1041 4019 Tr.
1080 3981 1102 4023 2
1121 3964 1199 4027 Vrde·

180 4049 258 4110 Heu.
274 4045 475 4132 Knyghtonum
485 4044 567 4127 ,apud
578 4044 611 4113 X
626 4050 726 4126 Scrs'pt.
740 4046 792 4109 col.
803 4049 897 4123 2526.
917 4049 965 4109 ubi
976 4048 1036 4111 haec
1048 4050 1191 4118 ordinatio

179 4134 311 4199 habetur.
356 4155 370 4218 3
390 4142 435 4200 L.
450 4136 566 4200 aernulo
578 4137 656 4218 (sum
667 4137 735 4218 Tr.)
756 4160 809 4221 quo
822 4136 903 4202 modo
916 4141 1004 4203 etiam
1017 4147 1140 4207 correxit
1151 4147 1189 4212 cl.

179 4230 223 4290 St.
233 4230 315 4292 ino,
388 4230 391 4237 ’

1131 4317 1190 4388 mi.
