3000 5075
320 464 579 558 His‘roouu
617 479 859 556 Envnunr
893 471 1065 557 Pium.
1246 504 1319 578 ¹53

143 631 147 644 '
177 637 316 732 scientia
327 659 382 731 prs
398 657 483 707 tanto
496 638 566 707 bunc
579 638 712 706 tollimus
729 638 761 706 in
771 639 823 706 bac
837 636 919 729 casu,
935 641 1082 727 addentes.
1095 641 1204 710 nibilr-
1236 643 1278 707 Α.
1298 642 1343 706 Β.

153 756 158 766 ’
185 752 301 836 minus,
317 749 393 840 quud
405 749 505 838 Reges
516 746 645 836 prebiili
661 747 782 835 uliquos
796 746 832 812 tle
842 745 997 814 baronibus
1008 745 1073 837 suis
1085 749 1206 816 notabi-
1240 744 1333 806 η97·

183 859 276 927 liores
287 876 343 948 per
352 859 531 942 juramenta
548 851 673 943 saciant
690 854 832 942 obligari,
855 853 898 921 ad
907 851 1059 945 sponsalia
1067 857 1207 945 pradilia
1230 921 1232 924 Α

146 962 147 967 ¹
185 962 224 1038 (r
237 968 432 1037 matrimonia
442 964 647 1058 procuranda,
669 962 759 1039 etad
774 964 1140 1053 tollenda-impedimenta
1152 984 1209 1055 pet

186 1075 302 1146 roribus
316 1073 397 1168 suis,
420 1099 483 1167 quc
495 1073 611 1166 posunt
630 1077 710 1144 circa
727 1074 781 1141 buc
799 1076 849 1144 rel
868 1093 971 1144 contra
988 1076 1042 1144 boc
1064 1080 1205 1148 inveniris

186 1185 284 1282 Qu
297 1211 365 1259 otro
371 1185 526 1282 sponsalia
538 1186 678 1277 predillc
692 1203 779 1254 tanto
792 1188 922 1276 amplius
935 1185 1131 1279 desideramus
1149 1191 1206 1259 ba·-

187 1296 255 1369 bere
263 1293 390 1388 felicem
406 1293 541 1384 esellum
561 1291 600 1364 (o
620 1293 765 1383 efficacem
781 1312 932 1380 euentum,
957 1314 1070 1386 quanto
1080 1314 1137 1385 per
1151 1299 1207 1367 buc

182 1404 380 1498 probabiliter
392 1403 963 1496 credimuspacempredlllamsrmius
974 1400 1206 1498 &fideliusci-

179 1515 315 1608 srrruri,
336 1537 391 1610 pru
407 1533 493 1586 tanto
504 1523 589 1605 pacr'e
603 1514 676 1584 bonr
698 1515 884 1586 deceruimus
899 1518 1081 1587 uullmitate
1096 1520 1207 1614 aposlu-

188 1629 265 1713 lica,
277 1628 354 1720 quod
368 1643 453 1699 terra
468 1625 560 1717 Regis
576 1625 670 1710 illius,
687 1627 771 1709 susm
784 1627 872 1714 culpa
885 1619 933 1696 ull
946 1629 1071 1696 malicia
1080 1626 1206 1718 fecerit,

188 1743 356 1832 quominus
371 1739 590 1808 contrabantur
602 1735 742 1825 predilla
749 1729 916 1826 sponsalia,
936 1757 969 1808 et
978 1743 1209 1817 matrimonium
1269 1740 1271 1747 ’

183 1826 419 1943 ἰιιιίιιιιιιιιιιιη
433 1846 618 1948 eeclesasicc
629 1846 789 1939 subjaceat
802 1849 969 1935 interdillo,
987 1849 1040 1944 uis
1051 1852 1143 1945 super
1157 1861 1211 1929 boc
1259 1828 1268 1862 N

189 1959 489 2057 requestusp'redilla
502 1956 858 2050 eumesellucorreuerit
870 1959 953 2047 insra
967 1962 1106 2054 mensem.
1130 1971 1212 2050 brem

191 2075 331 2160 dicimus,
354 2061 527 2161 laudamus,
552 2074 746 2154 arbitramur,
765 2069 930 2162 seumicnc
943 2069 1109 2164 diffinimus,
1132 2083 1211 2172 quod
1255 2074 1257 2076 ’

191 2191 228 2260 de
240 2188 375 2260 omnibus
392 2187 476 2258 bonis
493 2186 643 2257 mobilibus
658 2186 707 2256 rel
734 2182 785 2275 'se
801 2183 1005 2269 manentibus,
1028 2187 1145 2259 oblatis
1161 2197 1211 2262 rel

191 2291 276 2366 elids
289 2300 301 2335 ²
312 2297 409 2366 maleo
416 2291 589 2386 subtrallis,
599 2310 632 2362 et
643 2292 680 2361 de
692 2292 823 2362 omnibns
833 2294 970 2383 dampnis
984 2294 1067 2365 daris
1080 2300 1148 2368 binc
1161 2303 1210 2370 iu-'

191 2409 229 2479 de
245 2426 318 2478 ante
334 2426 452 2498 tempus
477 2411 560 2477 mute
582 2407 630 2476 rel
653 2423 719 2473 orte
735 2417 849 2496 guerra
866 2405 1028 2498 presentis,
1055 2415 1152 2501 primo
1174 2420 1212 2487 de

191 2522 327 2593 munibus
348 2535 408 2615 que
431 2536 553 2608 estant,
574 2514 613 2591 do
629 2515 799 2610 cmsumpta
816 2541 873 2588 non
885 2518 971 2611 sent,
989 2523 1153 2613 presertim
1175 2533 1213 2603 ue

191 2634 329 2721 naribus,
354 2629 393 2704 do
406 2634 479 2702 aliis
492 2625 687 2723 quibuscrlque
700 2629 794 2715 bruis,
816 2643 871 2718 per
888 2632 1033 2720 Angliccs
1051 2628 1090 2702 <r
1101 2635 1214 2729 Vasco.x

151 2801 153 2806 .
191 2765 246 2813 nes
260 2741 299 2814 (ιτ
316 2744 417 2814 eorum
433 2743 588 2830 complices
603 2741 634 2807 in
650 2741 729 2809 mari
744 2737 784 2809 dr
798 2741 830 2807 in
846 2756 940 2826 terra,
963 2742 1041 2831 quod
1054 2745 1123 2814 Rex
1138 2754 1209 2819 An.

141 2924 142 2928 ,
185 2850 260 2939 glie
275 2852 391 2936 omnir,
411 2872 473 2942 quc
492 2850 528 2919 de
541 2850 687 2939 predillis
710 2867 832 2937 extant,
856 2852 932 2921 bona
941 2850 1003 2943 sde
1016 2851 1081 2947 sne
1101 2858 1156 2926 lite
1171 2856 1210 2930 (ι’
1262 2872 1269 2888 ·

193 2952 305 3047 absque
317 2956 419 3050 Quen
429 2956 552 3043 judicii,
569 2958 647 3024 omni
656 2953 772 3045 stando
786 2954 926 3047 cessante,
942 2959 983 3027 ad
995 2960 1211 3056 requistirnent

193 3065 291 3154 Regis
307 3064 501 3135 Franciorel
513 3065 616 3131 nuncii
626 3061 690 3155 sui,
703 3060 812 3155 satim
819 3060 924 3152 saciat
938 3065 979 3133 ad
989 3068 1111 3155 plenum
1127 3071 1211 3164 resi·-
1280 3137 1282 3141 .
1395 3071 1397 3076 ’

193 3176 255 3259 tui,
268 3193 301 3243 et
310 3174 379 3245 Rex
394 3174 522 3244 Francia
529 3170 681 3265 smiliter,
687 3171 786 3264 sque
799 3191 872 3242 ante
886 3176 997 3244 dillem
1002 3198 1148 3265 guerram
1158 3204 1212 3249 ra-

190 3299 249 3373 pta
263 3285 312 3355 rel
324 3283 431 3351 ablata
442 3281 521 3374 apul
534 3278 654 3373 ipsum
643 3304 676 3351 cn
686 3280 749 3373 scca
758 3279 904 3375 poteslate
921 3281 1102 3375 euislentla
1091 3307 1211 3379 repertu

188 3385 320 3478 fuerint,
333 3389 474 3484 smiliter
490 3390 663 3483 adplenum
675 3387 788 3486 resilui
798 3388 1044 3486 sacictpresato
1050 3398 1129 3507 Regi
1141 3404 1212 3471 An·
1231 3382 1233 3387 ’

187 3503 274 3593 glic,
291 3504 339 3572 rel
354 3505 420 3586 ejus
433 3500 719 3594 nuncicrequistus.
758 3503 935 3571 Deablatis
949 3528 1015 3576 reru
1028 3531 1085 3605 non
1102 3530 1213 3584 extan·
1230 3566 1236 3570 -
1282 3514 1283 3520 ’

195 3617 239 3684 tib
241 3638 287 3698 ut,
308 3613 362 3706 sed
383 3614 545 3704 deperditis
563 3611 601 3686 ά
614 3612 803 3705 consumptis,
828 3615 1002 3702 laudamus,
1028 3622 1214 3699 arbitramur
1310 3618 1320 3625 χ

187 3723 248 3819 seu
261 3726 355 3794 etiam
367 3722 530 3812 diffinimus,
548 3724 625 3816 quod
637 3726 707 3795 Rex
717 3725 849 3813 Angue,
872 3726 913 3795 ud
927 3727 1140 3822 requistioncm
1148 3737 1211 3807 Re·

189 3838 246 3927 git
261 3839 404 3919 Francia,
424 3838 472 3906 nel
489 3840 550 3921 ejus
567 3837 681 3920 nuncii,
697 3828 851 3928 sctirseri
854 3832 972 3926 saciat,
995 3844 1144 3915 ctadbbc
1155 3845 1212 3939 sc

198 3947 595 4016 ciendumetiamtenratur
597 3943 1039 4038 ,snelitectsgurnp'udicii,
1056 3952 1212 4048 brucsele,
1399 4032 1407 4043 ,

198 4071 230 4121 et
247 4077 325 4123 omne
317 4050 454 4143 sraude
470 4050 615 4144 cesante3
641 4046 680 4123 (ι
697 4054 767 4134 Rex
786 4054 915 4172 Francis
932 4053 1132 4150 smilitem
1105 4054 1133 4156 st
1152 4086 1213 4157 qne
1346 4140 1353 4152 ἱ

432 4258 764 4323 1F.remanentibu's.
807 4266 880 4321 2-.F
894 4258 987 4322 male.

224 4337 376 4450 uolo.
461 4360 463 4368 ’
638 4381 639 4384 =
779 4346 816 4411 U
1015 4377 1084 4434 .'
1161 4363 1217 4438 per
