3000 5075
178 476 237 532 cri
278 440 281 445 ’

482 444 1115 596 PnAEFATro

292 655 344 710 ne
367 654 450 710 non
469 608 748 740 intelligentes,
763 614 859 738 quid
878 652 920 707 re
940 648 1035 706 uera
1054 650 1132 705 vox
1150 616 1237 728 ipsa
1254 615 1319 698 de·

293 774 425 857 notet,
447 754 775 865 quemadmodum
797 781 925 864 neque
941 745 1205 859 considerant,
1232 741 1322 827 roca

293 878 487 985 permulta
500 879 722 982 Millalium,
749 879 990 986 aliorumque
1008 875 1130 957 etiam
1151 866 1322 953 Officio·

293 1031 379 1085 rum
401 1004 610 1106 sacrorum,
637 1004 874 1091 destruendo
895 1001 935 1085 se
951 1022 1070 1112 agere
1083 1015 1229 1082 oonrm
1242 1001 1321 1092 Ec·

293 1122 414 1208 clefiae
433 1125 530 1206 ritus
556 1122 838 1230 vetustissimos,
865 1120 1123 1230 rudioresque
1146 1114 1334 1227 proinde·

292 1249 435 1333 multos
462 1248 756 1359 antiquiffinrou,
785 1252 852 1360 qui
878 1262 919 1334 &
941 1246 1010 1357 ipfi
1037 1244 1161 1355 eopse
1189 1241 1319 1329 modo

293 1375 367 1459 fint
382 1377 516 1461 locuti.
546 1375 1038 1494 Qodsrvelvociqquam
1054 1373 1322 1479 diximum-,vim

292 1520 412 1609 atque
425 1499 1322 1613 significationemintelligunt,veletiamcogi³

292 1646 381 1709 tant
393 1630 442 1711 ab
453 1629 686 1738 antiquitate
695 1626 879 1735 primaem
894 1651 1080 1736 perquam
1092 1626 1209 1734 plura
1220 1625 1268 1718 in
1279 1624 1323 1711 id

211 1810 219 1823 .
292 1779 413 1863 genus
426 1756 560 1847 officiis
576 1784 658 1839 non
675 1756 872 1863 abludere,
888 1756 1037 1841 malunt
1051 1754 1323 1841 nihilominm

290 1877 349 1981 (ut
361 1878 456 1960 mihi
469 1879 637 1989 videtur)
649 1876 1322 1992 perverseuagereutoquiquanr

293 2018 337 2081 ut
361 2001 539 2087 homines
568 2003 686 2087 decet
710 2016 753 2089 δι
776 2003 975 2087 modesto!
997 2016 1039 2089 ἃ
1059 2004 1326 2091 Chrill'nrroa,¹

292 2125 622 2231 quemadmodum
642 2139 682 2210 &
700 2126 895 2234 principes
917 2126 972 2209 illi
996 2126 1326 2244 perverse-egisse

292 2250 487 2354 videntur,
506 2252 573 2360 qui
591 2272 750 2332 omnem
772 2251 954 2361 Angliam
972 2251 1149 2337 nostram
1160 2255 1326 2363 eompr-

292 2375 435 2484 larunt,
458 2377 615 2461 sublatir
629 2377 822 2459 Diuorum
837 2376 1042 2463 fimulacris
1059 2376 1327 2483 sanffiffimi'rp

291 2506 607 2614 ornamentisque
634 2501 874 2587 eccleliarum
904 2528 951 2587 ac
973 2502 1181 2599 sanorum';
1218 2506 1325 2614 q'u'w

266 2622 269 2627 ’
289 2654 375 2710 rum
395 2628 575 2712 fanorum
592 2626 681 2708 sane
700 2627 850 2735 aliquot
868 2631 981 2709 tanta
995 2613 1074 2709 fuit
1091 2629 1251 2739 religio,
1274 2649 1327 2711 ut

290 2751 507 2834 eorundem
536 2749 643 2831 adire
672 2748 819 2832 secreta
844 2749 1066 2856 penetralia
1088 2750 1325 2834 honiiuibu'rt¹

291 2880 493 2986 permultis
505 2878 615 2959 nefas
627 2878 734 2977 effet,
746 2894 932 2985 tantaque
947 2878 1069 2960 etiam
1084 2879 1330 2989 antiquitaa,'

292 3022 337 3085 ut
354 3026 491 3083 omnes
504 2998 671 3082 historiae
686 3000 906 3105 loquanmr,
922 3000 991 3106 ipfi
1003 2999 1188 3111 Josepho
1199 3002 1255 3086 de
1268 3009 1323 3089 A,-

219 3195 224 3204 .
291 3123 493 3208 rinnathaea
510 3121 704 3233 originem
725 3122 891 3228 primam
910 3121 1096 3211 debuille.

347 3266 375 3345 §.
385 3255 580 3336 XXXVI.
610 3253 713 3363 Qae
728 3274 849 3357 quum
865 3248 921 3330 ita
937 3248 1024 3354 sunt,
1049 3252 1326 3359 proculdubio

291 3372 475 3459 laudandi
494 3371 582 3455 sunt'
596 3373 665 3476 illi,
694 3388 892 3480 quotquot
910 3370 1099 3456 librorum
1118 3369 1324 3490 veterani,

210 3585 213 3591 .
262 3571 268 3588 ,
291 3504 354 3585 vel
376 3506 489 3583 MSS:
511 3501 713 3583 ueletiam
730 3499 1010 3606 imprefforum,
1036 3505 1331 3613 xmaeaepdnd

292 3627 390 3732 [five
404 3622 646 3733 fragmenta]
659 3619 921 3704 conservanda
934 3622 1011 3703 effe
1024 3647 1179 3708 curant.
1209 3628 1322 3713 haud

289 3754 401 3835 aliter
413 3770 531 3858 atque
542 3766 692 3831 veteres
705 3745 825 3827 etiam
839 3746 926 3828 illos
940 3748 1098 3831 laudare
1114 3751 1319 3862 solebant,

290 3878 356 3985 qui
368 3873 534 3956 Homeri
552 3898 715 3979 opernm
728 3869 893 3953 'lacinias
916 3871 1125 3958 hincinde
1141 3881 1320 3993 college·

288 4016 393 4096 rant,
421 4018 470 4088 et¹
490 3996 607 4075 veluti
633 3994 783 4075 tabulas
808 3996 995 4100 pretiosas
1020 3997 1072 4080 de
1096 4006 1322 4118 naufragio

289 4121 391 4242 qualr
403 4123 658 4229 ¹arripuerant.
694 4127 740 4231 In
751 4119 889 4226 quibus
905 4134 945 4204 ὃ(
959 4123 1040 4229 ipse
1053 4120 1129 4209 fuit
1145 4130 1319 4215 Pifistra.

1231 4277 1310 4339 tus.
