3000 5075
212 451 312 532 Lm·
532 437 656 539 PR
692 441 768 541 AE
799 445 847 543 ‘F
883 446 1013 545 Α.Τ
1048 447 1173 551 10.

347 613 485 722 quibus
514 615 712 726 utriusque
741 616 852 734 sescus
882 621 1063 705 homines
1096 620 1365 730 speciosrffimi,

345 740 497 823 famulis
515 741 650 822 dextra
667 742 839 855 laevaque
854 748 997 855 stipati,
1017 749 1287 860 jucundiffime
1305 750 1365 835 vel

345 865 566 976 prandeant
580 868 800 977 amicosque
815 870 927 953 lautis
941 873 1064 980 epulis
1075 875 1280 985 accipiant,
1302 879 1364 960 vel

346 997 466 1079 etiam
484 987 703 1076 adlibitum
723 997 924 1105 quie-scant
943 1027 987 1084 ac
1006 1024 1235 1110 perpotent.
1277 1005 1364 1086 Ne-

345 1113 422 1233 que
438 1117 597 1201 ridicule
616 1118 664 1201 fic
679 1120 786 1228 loqui
802 1124 934 1231 vulgus
950 1123 1031 1232 ipse
1053 1128 1201 1234 poffum
1218 1127 1363 1235 testari,

330 1251 413 1359 qui
438 1245 573 1351 saepius
595 1241 690 1322 olim
707 1242 835 1325 locum
854 1242 1072 1351 spectatum
1086 1249 1239 1356 iverim,
1254 1249 1364 1361 ‘judi-

346 1371 505 1479 cavique
520 1364 638 1473 plane
651 1364 841 1472 sapientes
852 1367 937 1450 illos
952 1371 1041 1473 effe,
1068 1374 1147 1482 qui,
1171 1373 1363 1462 admitan.

346 1499 397 1582 da
415 1495 542 1578 aulicae
561 1517 717 1598 pompae
740 1492 886 1576 fercula
900 1495 1182 1605 relinquentes,
1209 1499 1363 1586 seceffe-

344 1624 439 1725 tint,
471 1613 771 1724 scholasticoque
786 1621 874 1700 otio
892 1618 1132 1703 abundantes
1152 1625 1363 1708 amoenita-

258 1850 259 1856 Ν
344 1767 404 1832 tes
419 1749 485 1833 hlc
503 1749 657 1831 rusticas
672 1747 1014 1856 amplecterentur.
1053 1748 1156 1829 Mihi
1173 1771 1281 1848 certe
1299 1749 1363 1834 vel

219 1929 222 1934 -
341 1875 434 1958 ideo
450 1875 526 1958 loci
541 1876 689 1960 deliciae
705 1873 873 1958 maxime
889 1871 1060 1980 placent,
1082 1864 1361 1983 quod'Dorce·

341 2000 446 2104 stria,
484 2027 571 2107 quae
598 2002 775 2109 proxime
804 1995 873 2078 fita
901 1996 972 2098 est,
1003 1996 1358 2112 quomodocunque
1396 2052 1398 2059 ·

341 2152 445 2207 nunc
458 2126 601 2207 viculus
621 2119 887 2233 pauperculus,
912 2110 1006 2199 olim
1021 2116 1131 2200 sedes
1157 2119 1253 2204 effet
1279 2125 1359 2234 epi·
1381 2134 1383 2139 '

284 2316 295 2342 ,
340 2247 517 2354 scopalis,
540 2275 627 2330 eam
650 2249 703 2330 ob
729 2244 907 2345 cauffam,
935 2270 1028 2325 mox
1049 2244 1136 2351 post
1155 2248 1357 2339 Norman.

340 2397 482 2451 norum
507 2369 727 2477 ingrestum,
753 2366 998 2450 Lincolniam
1021 2368 1217 2474 transsata,
1250 2373 1357 2483 quod

201 2573 210 2597 ,
340 2501 500 2609 antiqua
519 2497 643 2609 gloria
659 2525 703 2580 ac
721 2492 951 2606 magnitudo
967 2493 1072 2582 urbis
1087 2497 1357 2585 Dorcestrien·

339 2618 385 2705 fis
409 2621 607 2729 paullatim
631 2619 760 2702 fuisset
785 2619 988 2701 diminuta.
1028 2618 1153 2729 Hujus
1181 2625 1237 2705 rei
1264 2627 1355 2711 satis

199 2816 202 2823 .
262 2803 267 2824 t
337 2746 553 2855 locupletes
578 2744 668 2826 sunt
699 2744 814 2826 testes
839 2742 1009 2823 historici
1036 2742 1212 2853 plerique
1233 2753 1354 2838 nostri

336 2902 486 2978 omnes,
516 2875 556 2953 in
576 2872 700 2954 lucem
715 2870 825 2972 editi,
852 2874 877 2951 e
900 2869 1037 2979 quibus
1053 2871 1221 2977 proinde
1248 2883 1352 2986 (nam

334 2996 377 3080 in
392 2999 566 3079 omnium
587 2997 761 3077 manibus
781 2996 881 3102 sunt)
908 2993 1003 3075 nihil
1020 2992 1085 3078 hic
1100 2998 1215 3082 nobis
1233 3004 1352 3090 addu-

336 3121 514 3205 cendum.
561 3122 693 3204 Lubet
709 3123 828 3232 igitur
845 3120 962 3202 verba
975 3119 1041 3200 illa
1055 3120 1249 3210 duntaxat
1261 3160 1352 3241 pro·
1392 3136 1397 3146 ’

312 3308 314 3312 .
334 3244 454 3350 ferre,
477 3270 565 3355 quae
579 3244 787 3328 ‘historicus
808 3242 966 3353 quidam
983 3271 1198 3348 anonymus
1214 3253 1256 3337 in
1273 3258 1352 3340 col.

334 3371 441 3480 legio
451 3369 742 3479 Magdalenensr
759 3392 785 3473 ¹,
797 3370 974 3454 mihimet
992 3369 1042 3449 ab
1056 3374 1351 3495 amiciffimoju.

250 3545 254 3554 ι
331 3520 433 3586 vene
459 3497 614 3607 Joanne
642 3495 843 3577 Lovedaio
868 3494 1116 3604 monstratus,
1147 3512 1350 3595 memorjae

331 3620 545 3708 mandavit.
592 3621 745 3704 Scilicet
759 3622 799 3701 in
815 3620 913 3702 hanc
927 3618 1162 3706 sententiam
1185 3631 1279 3734 (nec
1294 3632 1349 3719 sa.

329 3772 383 3827 ne
400 3747 570 3855 prolixus
582 3747 638 3828 est
652 3745 714 3828 hic
726 3744 939 3846 historicus,
967 3747 1025 3826 uti
1043 3775 1116 3831 nec
1132 3752 1213 3859 ipsa
1230 3754 1348 3841 histo·

329 3873 401 3974 ria,
414 3873 522 3981 quod
535 3871 780 3982 plorandum,
800 3872 901 3953 ultra
917 3893 1085 3958 mortem
1100 3885 1265 3968 Henrici
1277 3889 1344 3972 IIdi

257 3998 270 4042 r
329 3994 533 4104 pertingit,
559 3997 652 4081 licet
668 3996 842 4083 Ricardo
868 3998 941 4079 1Ιάο
958 4025 1150 4111 regnante
1173 4008 1343 4100 floruiffe

465 4171 471 4194 ‘
701 4195 716 4240 1
738 4184 883 4260 Num.7a.
906 4185 959 4261 4³⁹.

1167 4335 1171 4341 -
1278 4299 1343 4356 alla
