3000 5075
281 356 978 483 -PQRAEF'ATIQ
1204 377 1287 465 ΧΨ.

107 537 201 629 tuns
218 537 473 649 religiofir'&
498 537 660 620 eruditis
677 532 1021 649 opportunitatem
1045 537 1165 650 longe

107 662 732 771 :,÷=.comtnodillimam.praebuerir
757 684 840 747 tum
866 664 1056 747 scribendi
1080 685 1164 769 tum

107 832 124 885 [ρ
146 785 407 891 dammandi,
431 781 607 894 adeoque
627 788 777 894 optime
792 786 969 869 merendi
990 787 1041 869 de
1059 791 1164 897 prin·

107 906 295 1015 *ratribus
321 908 481 1017 aliisque
509 911 685 993 civitates
715 911 927 1024 gentesque
954 914 1075 997 etiam
1104 942 1165 998 re·

107 1024 345 1143 affitibus..
898 1024 902 1031 Ι
960 1047 963 1059 ’

107 1166 110 1171 ’
140 1170 231 1253 :uil-
241 1166 444 1246 XXXIV.
472 1166 526 1239 Et
552 1157 707 1266 quidem
728 1159 851 1241 bonas
875 1158 992 1242 horas
1013 1163 1164 1269 optime

116 1274 356 1367 ··nollocaffe
366 1278 594 1385 monachos,
612 1282 803 1363 testantur
812 1309 945 1390 opera.
985 1282 1165 1394 Diligen-

157 1407 247 1487 tiam
275 1433 319 1488 ac
346 1408 601 1489 constantiam
630 1408 670 1488 in
695 1410 951 1525 orationibus,
979 1403 1060 1492 five·
1079 1441 1166 1521 pre·

154 1531 382 1633 rationibus,
406 1554 490 1612 tum
512 1528 593 1640 ipsa
616 1531 756 1638 officia,
779 1559 865 1640 quae
879 1533 1079 1637 habemus,
1107 1539 1165 1620 sa·

156 1670 225 1761 era,
245 1645 330 1740 tur'n
348 1668 387 1741 &
403 1660 567 1757 historiae
581 1658 736 1741 docent.
775 1658 850 1742 Sed
874 1661 1021 1742 neceffe
1035 1663 1103 1766 eli,
1122 1683 1168 1747 ut

155 1778 343 1887 hominen,
357 1780 491 1863 labore
506 1781 650 1863 affiduo
665 1794 704 1864 &
715 1781 944 1891 quotidiano
955 1784 1101 1887 affueti,
1117 1785 1167 1869 ad

155 1908 261 1993 ludos
281 1909 432 2018 aliquot
452 1908 490 1990 se
515 1904 734 2023 conferant.
783 1913 917 2026 Qippe
935 1941 1001 1994 non
1018 1913 1168 2024 vigorem

152 2041 242 2143 [uum
273 2036 414 2119 animus
440 2036 530 2138 turri
553 2035 674 2146 potest,
701 2036 769 2140 nili
778 2041 820 2141 se
848 2038 1007 2119 remittat
1034 2040 1168 2141 etiam,

150 2140 247 2273 plina
260 2183 301 2244 ut
314 2192 430 2264 arcus,
442 2165 518 2273 qui,
533 2163 571 2269 ſs
580 2162 706 2272 tensum
719 2167 850 2271 semper
869 2183 1000 2265 teneas,
1026 2162 1169 2248 taudem

154 2290 336 2399 rumpitur,
358 2307 402 2369 ut
415 2287 570 2370 Meurfii
589 2288 637 2369 de
659 2274 777 2368 Ludis
795 2293 1022 2371 Graecorum
1039 2286 1167 2387 verbis

107 2452 109 2509 3
154 2430 247 2497 utar.
280 2406 345 2496 'At
363 2441 458 2495 vero
481 2413 522 2495 hi
536 2414 612 2495 ludi
638 2413 917 2496 monachorum
933 2414 1030 2498 nihil
1044 2421 1169 2501 conti·

154 2539 301 2622 nebant
319 2541 558 2622 nocumenti.
597 2540 764 2642 Contra,
786 2539 827 2622 in
844 2536 930 2646 ipsis
950 2539 1054 2623 hisce
1070 2543 1169 2628 ludis

154 2649 298 2772 aliquid
323 2661 612 2771 excogitabant,
640 2661 745 2771 quod
767 2662 938 2743 moribus
964 2661 1078 2748 bonis
1102 2695 1169 2777 ap
1211 2745 1215 2760 ,

153 2787 273 2892 prime
288 2786 385 2868 effer
400 2785 626 2896 congruum.
670 2786 846 2870 Adeunt
864 2813 968 2894 pene
988 2786 1168 2899 dixerim,
1244 2829 1247 2834 ·

153 2907 331 2993 homines
357 2910 471 2992 hol'ce
497 2907 700 3017 religiosos
720 2937 839 2992 omne
866 2929 1018 3018 tempus
1049 2933 1168 3025 atque

151 3058 284 3122 aetates
314 3035 397 3120 suas
422 3051 503 3118 non
528 3037 645 3118 aliter
669 3032 953 3143 consumpliffe,
982 3065 1098 3148 quam
1125 3063 1168 3125 ut
1196 3130 1197 3133 a

152 3185 305 3247 mentes
323 3191 409 3247 cum
429 3162 517 3267 suae,
542 3181 625 3244 tum
650 3171 690 3244 &
713 3161 891 3264 aliorum,
916 3160 965 3243 ad
989 3161 1168 3247 humani·

154 3314 276 3378 tatem
290 3297 554 3404 pietatemque
566 3294 821 3405 fingerentur,
835 3293 1166 3403 atquevirtutem.

153 3418 213 3501 nd
238 3417 512 3529 religiosorum
531 3444 653 3527 opera
677 3415 760 3525 ipsa
782 3416 891 3525 quod
915 3415 1061 3501 attinet
1083 3446 1168 3504 erun
1190 3470 1192 3473 ·

153 3540 248 3647 dita,
272 3572 393 3654 nemo
410 3544 599 3652 ingenuus
617 3540 685 3644 est,
714 3540 808 3650 quin
834 3542 1032 3651 agnoscat,
1053 3543 1166 3625 laude
1185 3571 1191 3584 ¹

153 3668 337 3779 pleraque
353 3667 472 3779 digna
486 3666 574 3771 elle,
589 3667 824 3777 eosdemque
841 3668 959 3749 etiam
978 3666 1077 3777 saepe
1094 3698 1167 3754 nos
1221 3773 1238 3788 η

154 3791 268 3902 ipsos,
295 3792 361 3901 qui
381 3811 465 3874 arte
491 3790 773 3903 typographica
791 3795 870 3903 jam
896 3796 1053 3876 inventa
1072 3798 1169 3888 mul·

155 3937 196 3999 to
223 3917 450 4030 majoribus,
475 3945 589 4027 quam
614 3914 694 4023 ipsi,
718 3916 917 3997 beneficiis
941 3918 1169 4029 gaudemus,
1245 3951 1247 3955 ·

153 4047 271 4164 longe
290 4042 489 4154 superasse.
533 4041 580 4127 Id
605 4040 711 4154 quod
734 4042 957 4152 &ipsorum
975 4071 1089 4153 quum
1109 4046 1167 4130 vi-

1037 4170 1169 4253 derint
