3000 5075
299 465 576 544 Ht-stonta
610 466 855 543 Envutnt
892 463 1072 542 Pu1nt1.
1236 493 1312 559 105

178 616 282 712 cisque
299 618 652 712 Personis'Regnlaribus
671 636 701 694 et
716 617 922 702 Secularibus,
949 621 1090 707 inponunt
1105 639 1193 687 onena
1224 618 1266 680 Α.
1285 618 1329 680 Ι).

171 732 305 821 granta,
332 731 405 822 ipsos
422 733 549 800 talliant
565 746 595 798 et
611 732 654 797 eis
670 731 806 798 collellas
820 729 972 818 inponunt,
999 745 1029 796 et
1041 729 1080 796 ab
1096 727 1197 820 ¹ipfirrs
1233 703 1322 779 ¹²9⁶·

171 838 355 931 samumque
363 848 563 932 proventuum
577 841 625 907 vel
641 838 776 906 imorum
793 835 962 920 dimidiam,
985 839 1132 906 decimam
1143 834 1197 928 seu

179 949 363 1043 meſsmam,
396 949 450 1044 vel
472 946 609 1038 queamvis
636 945 730 1012 aliam
751 944 921 1031 porcionem
937 945 1095 1033 ²qnotam,
1129 948 1196 1013 exi-

169 1076 256 1146 gunt
268 1075 300 1127 et
312 1070 498 1147 extorquent,
510 1048 612 1142 eosque
627 1052 787 1132 moliuntur
797 1051 987 1138 multipharie
994 1049 1128 1139 subicere
1129 1051 1197 1143 ser·

179 1169 289 1255 rituti,
307 1165 424 1257 sueque
433 1164 556 1256 subdere
573 1161 694 1245 dicioni,
720 1176 764 1242 et,
787 1162 863 1252 qnod
881 1161 1012 1229 dolenter
1027 1159 1197 1251 referimus,

174 1299 238 1347 ‘ron
252 1281 330 1347 nulli
344 1274 548 1370 Euclefiarnm
560 1272 682 1341 Prolati
695 1268 960 1362 Ecclefialbiceque
969 1269 1091 1360 persone
1106 1273 1198 1364 trepi-

181 1388 306 1475 dantes,
318 1389 366 1459 nbi
381 1387 590 1476 trepidandum
599 1407 654 1452 non
671 1381 721 1475 esi,
735 1382 935 1475 tranfitoriam
945 1401 1053 1472 pacem
1066 1410 1196 1477 queren-

159 1520 241 1588 tes,
261 1503 331 1591 plus
348 1505 490 1571 timentes
517 1493 700 1588 majestatem
717 1498 908 1584 temporalem
927 1494 1082 1583 offendere,
1107 1523 1197 1588 quaen

182 1629 339 1696 eternam,
356 1613 467 1683 talium
482 1604 613 1698 abofibus
629 1628 686 1673 noro
699 1622 763 1674 tam
777 1608 948 1689 temerarie,
964 1627 1056 1692 quam
1069 1611 1196 1697 inprooi·

180 1722 220 1791 de
230 1719 435 1816 adpuiescunt,
445 1716 704 1810 SedisApoploliee
716 1720 961 1786 aulioritate'non
972 1733 1105 1805 optenta.
1134 1720 1198 1787 Nos

180 1823 300 1916 igitur,
315 1828 427 1895 talibus
444 1825 560 1907 ollibus
577 1823 694 1891 obviare
710 1825 856 1909 volentes,
887 1823 923 1889 de
940 1825 1079 1891 Fratrum
1094 1825 1198 1917 nostro·

180 1958 255 2010 tum
266 1939 389 2033 confilio,
414 1937 580 2032 Apostolioa
595 1935 775 2004 aulioritate
785 1933 957 2027 statuimus,
981 1940 1058 2025 quod
1073 1943 1198 2028 ‹puisun-

182 2071 243 2141 que
261 2051 386 2120 Prolati
400 2046 645 2142 Eoelefiaslioeoe
656 2043 958 2137 persone,·Religiofia
967 2053 1016 2119 vel
1028 2054 1198 2141 Sermones,

181 2174 419 2255 quorumcunque
436 2161 583 2244 ordinum,
603 2159 779 2227 condicionis
798 2157 853 2246 seu
861 2157 970 2252 status,
997 2146 1135 2232 oollelies
1151 2169 1200 2234 vel

181 2273 307 2357 tallias,
325 2272 493 2351 dimidiam,
513 2270 672 2352 decimam,
687 2267 853 2362 oteessmem
861 2267 917 2358 seu
930 2271 1118 2364 centessmam
1128 2272 1199 2366 suo·

181 2399 299 2451 tumet
315 2378 516 2473 Ecolefiarnm
532 2375 657 2466 marum
669 2397 866 2468 proventuum
888 2383 935 2450 vel
956 2381 1093 2452 bonorum
1110 2388 1200 2456 laicis

174 2489 329 2585 solverint
340 2495 393 2563 vel
407 2495 418 2538 ³
424 2489 543 2583 promis
538 2506 643 2576 erunt,
656 2491 703 2559 vel
714 2489 749 2581 se
757 2490 906 2579 firluturos
919 2493 1123 2582 ⁴excefferint,
1146 2517 1203 2566 aut

182 2605 324 2698 quumvis
337 2605 434 2686 aliam
451 2604 669 2692 quantitatem,
683 2605 862 2691 porcionem,
880 2621 935 2673 aut
952 2608 1112 2694 quicquam
1128 2606 1202 2697 ipfh·

183 2733 255 2786 rum
266 2730 463 2805 prooemunm
481 2712 527 2780 vel
537 2710 674 2781 bonorum
684 2710 901 2803 estimationem
918 2715 966 2783 vel
981 2718 1111 2785 valorem
1128 2713 1202 2808 ipso·

183 2848 254 2896 rum
262 2824 317 2917 sub
331 2826 472 2909 adjutorii
487 2825 593 2907 mutui,
602 2821 818 2913 subventionis,
825 2822 957 2916 subfidii,
966 2827 1014 2897 vel
1028 2828 1093 2897 doni
1106 2834 1202 2899 nomi·
1238 2912 1241 2919 Ι

184 2934 305 3027 ne,·sen
316 2938 419 3029 quovis
435 2938 495 3003 alio
509 2936 614 3003 timore
628 2936 676 3004 nel
691 2934 771 3002 modo
785 2934 834 3003 rel
848 2932 959 3025 questro
974 2940 1079 3022 colore,
1094 2937 1201 3032 absque

186 3050 368 3119 aullotitate
382 3045 465 3136 sedis
492 3043 631 3134 ejusdem,
657 3060 768 3112 necnon
791 3046 1001 3133 Imperatores,
1026 3051 1126 3140 Reges
1145 3052 1202 3144 seu

185 3159 356 3248 Principes,
369 3155 532 3248 Donesseu
547 3157 691 3239 Comites,
702 3155 750 3223 vel
761 3156 908 3237 Berones,
917 3154 1127 3246 5Potessates,6
1136 3166 1201 3230 Ca.

180 3268 336 3358 pireneos,
352 3264 503 3353 Officiales
518 3265 566 3334 vel
579 3264 731 3345 Reliores,
745 3284 919 3354 quocunque
932 3269 1049 3335 nomine
1063 3266 1200 3362 censean-

186 3391 251 3456 tur,
260 3372 447 3451 civitatum,
463 3366 639 3461 Castrorum,
648 3365 711 3456 sen·
723 3390 971 3460 quorumcumque
984 3373 1113 3445 locorum
1129 3401 1198 3447 con-

179 3480 354 3577 stitutorum
364 3478 500 3562 ubilibet,
524 3495 556 3545 et
571 3481 669 3568 quivis
685 3479 766 3552 alius
781 3479 978 3570 cujuscunque
994 3489 1201 3573 ⁷praeminen-

187 3596 255 3678 tie,
270 3590 447 3684 candidoris
463 3607 494 3659 et
503 3587 615 3681 flatus,
633 3595 684 3682 qni
699 3594 787 3674 talia
798 3591 987 3683 imposuerint
1003 3614 1034 3664 et
1049 3604 1203 3688 exegerint

234 3809 249 3853 1
272 3785 369 3872 Ipfiut'
388 3765 506 3874 suoque¹
521 3787 563 3852 al.
577 3771 580 3778 ¹
595 3798 629 3853 F.
647 3790 716 3873 ipfis
741 3790 874 3873 suisque.
896 3796 948 3884 rifi
967 3818 1027 3859 eum
1042 3801 1090 3862 tt.
1104 3797 1201 3881 malis,

188 3884 201 3947 i
225 3882 263 3946 fis
279 3879 404 3943 suorum
418 3894 641 3965 proventuum.
682 3904 700 3943 2
724 3881 790 3944 Aut
809 3899 952 3965 quotam,
976 3886 1019 3949 al.
1041 3883 1080 3961 όν
1090 3889 1125 3970 fic
1140 3893 1204 3975 qus:

225 3993 254 4034 nt
267 3972 300 4032 in
313 3974 361 4034 Ti.
407 3989 421 4051 3
443 3977 484 4033 L.
501 3992 560 4032 cnm
573 3974 622 4033 Tr.
638 3970 850 4052 promiserint.
891 3994 913 4055 4
933 3980 974 4036 L.
986 3998 1046 4039 tum
1065 3984 1112 4047 Tr.
1125 4000 1204 4044 con.

189 4060 349 4150 cefferint.
372 4053 634 4143 '5'Proceres,al.
675 4061 696 4123 6
707 4059 1053 4144 Copitaneimdoelims.
1095 4070 1205 4153 7Pro·

189 4154 320 4234 vinciae,
334 4149 376 4214 al.
398 4154 491 4215 minus
504 4153 588 4216 velle.
662 4184 664 4189 ·
1060 4147 1062 4152 ’

239 4277 366 4353 v01.1.
831 4283 866 4353 0
918 4356 922 4368 χ
1066 4309 1068 4314 -
1123 4247 1205 4355 'oa
