3000 5075
256 441 277 515 8
401 407 404 419 ¹
523 433 787 518 Watrunr
824 436 1205 521 Hunruororo.

206 598 249 669 A.
270 597 315 664 D.
347 591 468 689 primis
484 595 615 682 guerris
633 591 767 666 Walliae
787 593 877 682 Regi
894 589 1029 682 Angliae
1045 557 1167 665 contri
1183 589 1368 669 Leulinnn‘

215 680 307 748 ¹²⁸²·
348 701 487 777 fratrem
506 698 601 774 suum
618 702 750 773 strenue
768 702 986 788 militaverat,
998 720 1036 773 ut
1054 720 1137 799 pote
1152 724 1260 798 quem
1271 700 1365 777 donis

348 814 448 893 variis
461 830 496 881 et
511 805 761 913 possessionibus
775 809 975 883 multisRex
985 807 1056 907 ipse
1069 809 1242 885 ditaverat
1255 813 1291 891 iu
1305 817 1366 887 Au·

350 923 431 1015 glia,
453 941 489 991 et
505 942 617 989 caram
635 914 929 1009 Consanguineam
946 914 1039 991 suam
1058 918 1175 995 eidem
1194 920 1366 1021 copulate-

347 1063 400 1113 rat
415 1042 451 1107 in
463 1058 615 1120 uxorem,
624 1058 702 1105 cum
715 1030 821 1105 fratre
835 1029 895 1104 suo
907 1031 1054 1106 Leulino
1064 1034 1300 1113 concordatus
1312 1035 1361 1111 el’t

347 1152 414 1222 Cui
443 1144 594 1219 ¹causam
622 1143 742 1215 intulit
769 1141 839 1239 ipse
862 1143 1045 1234 Leullnus,
1071 1144 1167 1241 quod
1199 1172 1364 1245 nunquam

348 1253 450 1353 ipstns
468 1276 580 1324 veram
600 1245 863 1343 consequeretur
879 1249 1083 1342 amiciciam,
1109 1248 1170 1325 nifi
1190 1255 1287 1345 Regi
1299 1261 1364 1351 'Ana

348 1365 427 1459 gliae
444 1367 479 1433 in
504 1380 634 1433 tanturn
654 1357 844 1431 efficeretur
865 1361 1037 1448 inimicus,
1064 1363 1100 1435 iu
1118 1382 1289 1460 quantum
1305 1364 1362 1443 du·
1386 1438 1389 1446 ,

347 1472 430 1549 dum
446 1468 555 1542 fuerat
571 1491 668 1541 vetus
682 1468 823 1539 amicus:
849 1485 884 1539 et
898 1463 942 1539 fic
955 1466 1107 1542 Herodis
1116 1493 1150 1541 et
1162 1470 1274 1549 pllati,
1286 1475 1362 1549 inita

352 1582 539 1660 concordia
555 1602 590 1653 et
610 1577 695 1652 facia
713 1581 956 1676 conjuratione
977 1578 1090 1661 valida
1113 1579 1369 1677 insurrexerunt

346 1702 385 1781 jn
406 1696 557 1768 Christos
578 1696 724 1765 Domini
746 1693 874 1786 Anglos
898 1697 1109 1807 innocentes,
1132 1720 1361 1800 ceperuntque

347 1809 390 1881 ad
404 1807 554 1879 Castrum
568 1802 611 1873 de
626 1801 729 1897 Flynt
741 1807 931 1879 Dominum
945 1809 1123 1898 Rogerum
1136 1806 1181 1880 de
1191 1806 1362 1906 Clyfford,
1389 1851 1392 1873 ι

347 1946 449 2017 quern
463 1920 540 1986 Rex
558 1912 689 2005 Anglioe
703 1910 830 1985 ibidem
842 1912 1050 2012 praefecerat,
1067 1940 1103 1990 et
1117 1940 1211 1993 tetro
1224 1921 1359 1993 Carceri

346 2026 575 2102 tradiderunt.
600 2021 727 2095 deinde
743 2026 906 2098 vastantes
922 2030 1002 2118 igne
1013 2047 1049 2102 et
1065 2025 1184 2120 gladio
1197 2027 1360 2131 quicquid

216 2148 222 2159 “
346 2137 562 2238 ipsrusRegis
577 2131 864 2224 'vel'Anglorum
877 2139 1076 2230 contingere
1085 2158 1289 2232 potueruut.
1321 2142 1359 2213 Et

345 2251 416 2323 haec
433 2247 573 2348 quidem
591 2248 725 2342 incepta
740 2244 815 2318 sunt
832 2250 868 2318 in
884 2269 1037 2345 tempore
1050 2251 1167 2324 fando
1185 2249 1278 2326 infra
1291 2243 1368 2327 Pas-¹

346 2360 475 2434 sionem
497 2358 641 2428 Domini
661 2353 846 2432 'sanetamt
887 2358 995 2454 Qod
1012 2385 1089 2431 curn
1105 2362 1254 2437 audisset
1276 2367 1358 2454 Rex,

318 2470 322 2483 '
346 2469 451 2561 mifit,
467 2492 627 2565 tanquam
644 2464 737 2540 filius
754 2468 958 2561 catholicus,
975 2470 1017 2543 ad
1035 2473 1154 2548 Patres
1167 2466 1358 2573 spirituales

347 2580 630 2683 Arthiepiscopos
645 2601 679 2651 et
691 2580 875 2680 Episcopos
891 2585 926 2654 in
939 2581 1008 2654 fide
1023 2584 1214 2660 Christiana
1228 2614 1356 2683 rogant,
1394 2571 1398 2580 Ι

346 2718 385 2768 ut
402 2693 490 2793 Ipsos
508 2687 755 2777 malefactores,
781 2710 816 2760 et
839 2714 958 2761 eorum
975 2693 1174 2791 ⁴cor'npaces
1193 2722 1231 2770 et
1253 2698 1356 2774 fanto·

346 2831 411 2895 res,
426 2807 498 2899 qui,
512 2799 754 2895 tranquillitati
769 2818 804 2868 et
817 2803 893 2895 paci
905 2798 1057 2872 Ecclesia
1073 2799 1195 2875 santlae
1204 2828 1242 2877 et
1250 2800 1355 2902 Regni

346 2917 396 2990 sui
414 2914 619 3000 invidentes,
634 2909 920 3007 depraedaciones,
935 2910 1132 3002 homicidia,
1152 2903 1355 3010 incendiaet
1397 2971 1398 2976 ι

345 3028 454 3100 multa
464 3026 615 3097 enormia
629 3042 876 3121 perpetrarunt,
890 3046 1029 3122 propter
1044 3052 1119 3125 quae
1133 3030 1169 3099 in
1185 3030 1355 3105 Canoncru

298 3207 303 3215 .
345 3137 420 3211 latae
436 3136 613 3209 sentenciae
626 3131 700 3234 ipso
710 3130 801 3205 facio
814 3131 1036 3207 dinoscuntur
1050 3138 1277 3229 incidisse,ab
1290 3143 1356 3213 uni·

343 3248 444 3323 tersis
466 3269 502 3319 et
523 3242 822 3337 srngulis'subditis
840 3244 905 3317 suis
921 3270 981 3342 per
1004 3248 1175 3324 universas
1200 3250 1355 3327 Dioceset

346 3355 480 3456 publice
496 3375 530 3425 et
547 3350 778 3451 sollempniter
793 3351 987 3426 denunciari
1003 3354 1155 3430 facerent
1166 3386 1354 3436 excommu·
1375 3407 1378 3414 ·

347 3472 493 3542 nicatos.
526 3463 689 3536 Credidit
702 3468 794 3537 enim
807 3487 843 3538 et
857 3466 998 3564 adjecit,
1010 3469 1104 3567 quod
1118 3496 1240 3548 eorum
1255 3473 1354 3548 rebel·

347 3576 397 3652 lio
418 3596 452 3645 et
479 3574 625 3664 malicia,
651 3572 824 3646 mediante
841 3575 1013 3671 juvamine
1035 3576 1142 3670 gladii
1164 3579 1352 3678 spiritualis,

275 3749 278 3761 .
347 3690 409 3785 qui
424 3689 460 3757 in
475 3679 668 3778 hujusmodi
686 3682 759 3755 casu
770 3684 884 3779 juvare
898 3681 1095 3774 dinoscitur,
1111 3712 1173 3783 per
1187 3688 1353 3764 brachium

347 3791 494 3868 seculare
509 3788 641 3861 facilius
655 3794 929 3889 reprimerentur.
981 3785 1115 3861 Deinde
1127 3797 1205 3867 Rex
1222 3820 1352 3890 congre·
1395 3823 1398 3892 ι

347 3927 428 3995 gato
445 3902 597 3977 exercitu
616 3896 756 3995 copioso
774 3897 944 3997 profedlus
960 3900 1006 3970 esl
1024 3902 1058 3970 in
1072 3901 1236 3976 Walliam
1254 3908 1351 3980 ⁵circa

391 4086 744 4169 1Tumprreausamin
758 4093 791 4149 T.
831 4091 1025 4153 aomittr'tY.
1068 4094 1242 4176 3DeestT.
1282 4100 1347 4180 41..

301 4231 304 4236 .
348 4178 524 4336 {gffilioes
540 4202 602 4245 tum
615 4185 654 4243 0.
667 4183 701 4243 Τ.
713 4175 753 4249 &
768 4179 847 4243 Trr'n.
890 4201 907 4261 5
929 4180 1081 4243 Sicorim
1099 4172 1208 4246 ism
1228 4198 1262 4250 ut
1275 4186 1346 4343 infle)
