3000 5075
351 368 1027 567 P-RAEFATI.O.'
1220 483 1297 540 1111

156 644 186 715 vi
213 639 373 717 Foederis
398 640 560 734 verfionis
577 640 809 718 Wicclefianae
829 639 961 712 Codice
987 663 1089 736 penes
1113 645 1176 709 nos

153 753 292 842 eximio,
313 753 698 827 A.D.M.Ccc.xtv.
726 750 863 850 scripto.
912 756 1064 850 Joannes
1079 752 1176 827 Wic·

154 862 260 937 clefus
275 861 402 956 lingum
416 866 542 937 Graecae
554 865 743 961 imperitus.
782 865 1015 962 Antiquitates
1028 863 1175 941 Betche·

155 965 574 1055 nenses,EliaeAu1molio
590 967 779 1068 adscriptae,
795 970 991 1043 emcndatae.
1016 971 1172 1060 §.XXIL
1203 1010 1205 1015 ·

156 1079 283 1152 Praetet
297 1078 450 1179 Judoos,
474 1088 513 1155 δι
530 1082 708 1172 omnigeni
735 1081 928 1181 perduelles
950 1107 1012 1178 pro
1030 1099 1175 1155 monetae

154 1188 271 1260 nostrae
288 1190 550 1292 corruptoribus
568 1189 731 1264 habendi.
773 1191 976 1289 Cujusmodi
996 1194 1176 1265 hominum

151 1297 360 1374 fautores&
383 1294 445 1395 ipsi
461 1303 565 1375 etiam
583 1323 678 1375 erant
697 1301 929 1379 Wicclevistae.
965 1328 1008 1374 ne
1030 1300 1171 1398 quidem

154 1409 229 1510 ipso
239 1415 374 1510 Joanne
388 1431 534 1517 excepto
542 1411 723 1490 Wicclefo.
752 1412 991 1502 Lollardorum
1006 1412 1173 1486 doctrinis
1323 1456 1329 1473 =

156 1539 280 1608 magna
301 1542 345 1590 ex
364 1511 463 1615 patte'
478 1522 663 1595 tribuenda
685 1522 761 1595 sunt
785 1523 875 1595 bella
894 1546 1020 1618 nupera
1044 1523 1170 1595 civilia.

153 1631 207 1702 De
230 1626 397 1729 superbiae
424 1633 584 1728 periculis
612 1637 814 1732 neutiquam
844 1633 899 1705 illi
927 1630 1080 1721 solliciti,
1111 1638 1172 1730 qui
1276 1672 1282 1691 x

154 1737 369 1834 principibus
395 1736 462 1815 suis
490 1741 657 1832 legitimis
680 1741 744 1815 sint
771 1743 918 1814 inimici.
962 1739 1174 1814 Kalendaria

154 1842 291 1940 aliquot
308 1871 436 1943 nupera
449 1855 606 1925 correcta.
630 1857 801 1943 §.XXIlL
841 1851 1022 1924 Falluntur
1035 1848 1100 1941 illi,
1115 1856 1177 1951 qui

153 1948 250 2025 aliter
267 1971 376 2061 atque
393 1981 454 2030 nos
470 1957 515 2031 de
526 1958 747 2058 Wicclevistis
761 1957 924 2032 sentiunt.
962 1957 1175 2049 Reginaldus

154 2060 380 2150 Peacockius,
405 2060 506 2144 laude
521 2063 659 2165 dignus,
685 2065 782 2165 quod
800 2060 979 2138 Lollardos
1000 2085 1176 2160 oppugna·

113 2224 116 2228 -
153 2173 253 2261 terit,
271 2173 367 2245 ineo
382 2190 494 2257 tamen
510 2174 826 2271 reprehendendus,
850 2170 946 2271 quod
965 2195 1081 2272 pratas
1097 2173 1175 2270 opi·
1209 2163 1212 2175 '

110 2340 115 2351 .
153 2285 274 2355 aiones
284 2280 494 2374 diuulgauit3
513 2305 634 2384 utpote
648 2286 732 2361 fidei
744 2285 1076 2381 orthodoxaeparum
1091 2307 1175 2356 con·

154 2416 263 2484 gruas.
312 2396 399 2488 Qae
421 2395 566 2490 proinde
588 2400 770 2494 opiniones
790 2399 827 2469 in
852 2392 959 2469 caulla
981 2410 1090 2482 erant,
1114 2415 1177 2464 cut

154 2503 472 2606 abarchiepiscopo
488 2507 718 2583 Cantuariensr
730 2506 871 2611 aliisque
885 2513 989 2583 etiam
1000 2504 1177 2580 damnare·

155 2638 217 2688 tur.
260 2620 354 2689 Hinc
372 2615 580 2714 palinodiam
602 2624 674 2712 egit
687 2621 907 2709 Peacockius,
934 2642 997 2715 pro
1014 2615 1177 2687 haeretico

107 2783 115 2816 .,
155 2752 229 2800 cum
240 2728 285 2803 ab
294 2729 386 2821 aliis,
401 2749 473 2803 tum
487 2728 665 2829 speciatim
678 2731 720 2804 ab
732 2729 807 2831 ipso
818 2725 1177 2821 TbomaGascoignio

107 2921 111 2931 Ι
155 2836 300 2915 habitus.
354 2838 460 2938 Cujus
484 2840 504 2911 ὲ
530 2843 746 2915 Did'tionario
768 2841 987 2933 Theologico
1010 2840 1089 2911 loca
1114 2834 1178 2909 ali-
1227 2891 1231 2899 ι

155 2949 368 3048 quammulta
390 2949 548 3024 historica
564 2950 631 3032 hoc
654 2957 812 3052 inopere
831 2951 1006 3043 divulgare
1029 2947 1168 3044 placuit.
1264 3007 1268 3012 .
1326 2951 1331 2967 “

156 3065 179 3149 5.
192 3065 329 3152 XXIV,
337 3065 449 3136 XXV.
489 3062 668 3139 Peacockii
685 3061 730 3135 de
752 3062 868 3153 regula
890 3058 991 3133 Fidei
1010 3057 1174 3130 tractatus

155 3168 353 3269 imperfetste
367 3171 412 3251 ab
423 3174 579 3246 Hentico
589 3173 780 3252 Whartono
793 3161 834 3246 in'·
842 3173 955 3247 lucem
966 3163 1078 3244 editus
1082 3202 1096 3257 3
1113 3190 1177 3240 nec

154 3281 295 3379 quidem
319 3284 490 3375 integrum
513 3285 594 3358 dare
613 3288 726 3386 potuit
743 3284 965 3369 Whartonus,
987 3303 1093 3377 quum
1107 3276 1177 3347 Co-

154 3396 217 3471 dex
232 3394 308 3498 ipse
323 3395 401 3469 MS.
423 3397 554 3486 unicus,
575 3420 613 3471 ut
628 3399 779 3490 uidetur,
804 3402 862 3497 qui
879 3394 1103 3482 nuncexstat,
1127 3391 1175 3466 ad

154 3512 279 3586 calcem
296 3508 340 3583 fit
352 3511 458 3583 etiam
470 3511 591 3605 μήπω,
609 3512 729 3614 idque,
747 3533 786 3587 ut
799 3538 859 3611 par
872 3514 918 3589 est
930 3513 1078 3614 opinari,
1095 3512 1179 3581 Pea·
1299 3571 1301 3576 .

156 3626 268 3699 cotkii
286 3622 392 3723 ipsius
407 3648 525 3722 opera.
547 3632 577 3717 §.
592 3633 721 3703 XXVI.
765 3629 971 3718 Ignorantia
987 3650 1056 3696 non
1073 3621 1177 3696 male·

153 3736 313 3811 volentiae
329 3734 568 3829 tribuendum,
581 3740 686 3837 ¹quod
707 3741 933 3815 Peacockium
950 3738 996 3810 ob
1012 3734 1178 3829 dogmata

153 3845 255 3924 laude
283 3842 518 3935 digniffimum
548 3846 646 3920 fuisse
676 3847 859 3921 arbitratus
888 3846 927 3920 fit
952 3848 1172 3925 Wltartonus.

152 3961 280 4059 quippe
307 3962 371 4056 qui
397 3985 512 4058 neque
538 3962 867 4042 Whethamstedium
895 3985 1008 4061 neque
1034 3957 1175 4033 Gascoi·

153 4067 281 4159 guium,
296 4059 371 4142 imo
386 4092 509 4167 neque,
521 4089 561 4143 ut
572 4069 721 4160 videtur,
733 4068 922 4142 Lelandum
936 4068 1082 4140 nostrum
1093 4090 1176 4137 con·

153 4174 322 4278 spexetat‚
339 4173 437 4258 unde
445 4176 572 4280 liquet,
587 4183 800 4255 Haeretitum
818 4175 917 4254 fuilie
934 4176 1175 4263 Peacockium,

630 4317 634 4332 ¹
1061 4310 1198 4391 eoque!
