3000 5075
218 509 225 514 ·
300 476 579 556 Hrsrotra
621 477 875 556 Euvanor
916 479 1094 556 Pnrnr.
1157 546 1159 553 Α
1256 506 1309 576 59

175 645 327 726 poterat,
356 655 516 722 magnum
543 629 646 706 robur
665 637 836 708 exercitus
856 610 945 706 niifit
967 638 1001 706 in
1024 659 1126 723 mare,
1151 634 1201 703 ita
1234 633 1275 698 Α.
1294 630 1356 696 D.-

175 729 277 839 quod
291 739 476 840 aliquando
486 742 681 816 viderentur
691 742 867 842 plusquam
875 748 1007 819 CCO‘.
1021 770 1117 817 naves
1131 771 1201 815 ma-
1242 731 1330 806 ¹²95·

175 873 267 943 gnae,
283 849 411 942 signum
426 858 642 951 expectantes
657 855 753 952 qu'od
770 863 1003 952 'acceperant
1044 854 1205 950 Cumque

177 959 374 1034 manfiffent
386 963 459 1054 diu,
478 991 540 1037 nec
557 964 685 1060 fignurn
696 967 868 1057 vidillent,
884 964 1047 1038 miserunt
1061 990 1104 1038 ex
1118 990 1202 1036 cou-

176 1069 256 1145 filio
272 1077 411 1172 proprio
424 1081 467 1148 V.
486 1075 605 1148 Galeas
622 1077 757 1169 electas,
774 1104 813 1152 ut
829 1100 955 1149 terram
968 1078 1196 1176 explorarent.

177 1186 224 1255 At
241 1209 307 1256 una
329 1209 397 1281 pra
412 1189 534 1258 ceteris
559 1186 730 1279 festinans,
757 1190 924 1288 applicuit
945 1187 1037 1285 apud
1062 1185 1202 1282 Hydam
1258 1186 1261 1190 ’

174 1290 276 1390 juxta
287 1293 675 1368 PortumdeRumenal.
708 1295 802 1392 quod
816 1297 969 1369 videntes
985 1296 1202 1392 Anglici,qui

177 1399 314 1477 ibidem
327 1400 459 1474 fuerant
473 1403 635 1476 Custodes
648 1407 818 1504 deputati,
843 1403 1056 1478 ²firnilabanr
1072 1403 1201 1496 fugam,

176 1529 231 1602 et,
247 1509 441 1583 exconsrlio
457 1514 562 1582 Ducis
577 1513 778 1602 eorundem,
789 1534 1000 1584 retraxerunt
1016 1510 1063 1599 se,
1084 1533 1122 1582 ur
1134 1507 1202 1581 fer-

177 1621 318 1689 vencius
333 1618 439 1689 hostes
449 1620 492 1689 ad
503 1640 627 1690 tetram
637 1617 823 1690 allicerent.
851 1617 923 1691 lllis
937 1623 1054 1716 itaque
1068 1615 1202 1709 fugien-

173 1727 286 1823 tibus,
309 1727 501 1800 insecuntur
517 1729 590 1819 alii,
617 1728 675 1802 sed
692 1727 797 1802 facies
812 1730 1099 1818 convertentibus,
1120 1755 1203 1801 mox
1288 1802 1293 1814 ,,

175 1863 216 1915 et
230 1840 294 1939 ipli
309 1863 401 1932 terga
413 1862 601 1932 verterunt,
614 1862 649 1914 et
663 1841 734 1914 caesr
748 1841 825 1916 sunt
837 1870 967 1934 omnes,
983 1841 1113 1914 seilicet
1127 1841 1200 1916 CC.

168 1952 275 2049 ‘’XL.
293 1954 371 2040 viti,
386 1971 422 2021 et
437 1954 532 2022 navis
544 1976 662 2032 eorum
680 1946 852 2027 combusta
863 1956 919 2026 est.
959 1952 1069 2047 Qud
1081 1951 1202 2024 viden·
1241 1999 1245 2011 ·

176 2082 231 2134 tes
245 2061 320 2132 aliae
334 2082 492 2159 quatuor,
506 2083 717 2135 retraxerunt
730 2057 763 2136 se
778 2063 933 2162 usquead
949 2087 1103 2153 magnam
1117 2057 1202 2132 clas·

176 2170 264 2245 fem.
308 2173 471 2251 Poterant
484 2173 576 2242 enirn
592 2170 701 2244 videri
720 2178 739 2244 a
758 2173 888 2261 nostris,
915 2196 977 2242 nec
993 2193 1105 2243 tamen
1123 2193 1200 2240 cum

172 2285 226 2354 eis
238 2279 407 2353 aud-ebant
420 2275 586 2371 congredi
596 2285 783 2353 ‘Marinatii
803 2282 919 2371 nostri,
934 2284 1097 2353 timentes
1111 2268 1197 2353 urul-

178 2391 370 2464 titudinem
386 2415 550 2481 magnam.
588 2393 711 2463 ⁴Cirea
724 2390 843 2464 festum
855 2394 948 2464 Beati
964 2393 1057 2465 Petri
1072 2389 1200 2463 Adaio-

176 2502 262 2577 cula
279 2525 397 2593 magna
414 2524 488 2596 pars
504 2499 652 2597 ejusdem
673 2501 776 2574 claffis
794 2499 962 2599 applicuit
977 2497 1067 2599 apud
1083 2502 1199 2570 Dover

176 2639 224 2688 ex
235 2636 332 2714 parte
341 2613 559 2686 Occidentali
571 2614 584 2711 (
590 2615 648 2687 ubi
663 2614 751 2686 nulla
767 2614 876 2686 fuerat
889 2611 1081 2711 applicandi
1095 2607 1200 2705 suspi·
1289 2619 1297 2636 ’·
1315 2633 1323 2646 ‘

177 2728 239 2800 cio
256 2751 322 2821 ptae
336 2722 559 2796 multitudine
576 2722 725 2822 lapidum
741 2745 778 2796 et
792 2726 885 2823 rupis
899 2719 1053 2813 excelsae)
1069 2718 1200 2811 egreffi-

179 2860 253 2933 que
265 2832 342 2906 sunt
353 2831 534 2904 bellatores
548 2830 716 2904 fortiffimi
729 2834 869 2903 circiter
877 2837 954 2906 XV.
968 2827 1075 2901 millia
1090 2829 1201 2899 homi·
1286 2837 1288 2841 “

179 2972 280 3035 num,
294 2964 329 3014 et
340 2939 571 3039 spoliaverunt
584 2946 811 3015 ⁵Doverniaut
826 2941 869 3015 ab
882 2946 963 3015 hora
974 2944 1081 3038 prima
1095 2936 1201 3036 usque

181 3055 260 3132 fere
279 3051 460 3153 vesperam,
475 3052 695 3125 incendentes
712 3078 784 3125 eam
799 3056 871 3145 igni
887 3077 949 3151 pto
961 3075 1078 3142 magna
1093 3069 1199 3146 parte.
1312 3130 1314 3134 .

1316 1025 1332 1071 t

181 3169 342 3265 Oamque
359 3169 396 3237 in
409 3163 556 3257 ingrellu
572 3189 689 3238 eorum
705 3162 865 3257 fugissent
880 3188 997 3235 omnes
1012 3182 1048 3232 et
1061 3156 1200 3260 disperii

177 3276 594 3373 loiffentlconclamantes
607 3299 642 3348 er
655 3277 834 3374 ejulantes,
844 3272 1043 3366 conglobati
1055 3270 1131 3344 sunt
1146 3274 1200 3342 in-

178 3389 280 3479 colae,
298 3410 332 3460 et
345 3390 593 3462 concurrebant
609 3392 750 3480 milites,
769 3393 830 3487 qui
846 3413 961 3459 curam
978 3387 1081 3459 maris
1098 3381 1200 3455 habe·

180 3501 280 3589 bant,
303 3499 351 3573 ita
368 3502 462 3597 quod
479 3502 601 3577 eodem
615 3503 673 3575 die
692 3505 776 3578 hora
793 3497 882 3598 quafi
896 3497 1075 3581 undecima
1090 3496 1201 3570 hostes
1272 3581 1275 3596 Ι

179 3608 321 3709 aggteffi
336 3606 413 3679 sunt
428 3610 593 3703 animose,
611 3610 766 3709 caesisque
782 3608 871 3707 quafi
888 3615 932 3684 V.
953 3605 1100 3694 milibus,
1118 3606 1199 3678 reli·

177 3742 269 3819 quos
290 3722 454 3818 inpattes
470 3719 670 3797 diviserunt.
716 3718 858 3822 quidam
875 3722 965 3790 enim
982 3715 1144 3807 fugerunt
1162 3719 1198 3791 io
1279 3799 1285 3806 ⁷
1343 3784 1351 3796 ,

220 3952 236 3997 1
257 3932 375 4014 Batitas,
392 3933 590 4017 acciperent,
600 3952 660 3993 cnm
671 3935 703 3996 Τ.
745 3954 763 3996 2
775 3932 817 3993 Sic
830 3937 898 3995 MS.
913 3953 967 4015 quo
977 3930 1063 4011 patio
1078 3924 1117 3999 ό
1131 3927 1203 3990 alibi

170 4017 286 4112 sepiar
295 4028 328 4088 in
339 4023 427 4087 codd.
439 4036 514 4086 vett.
537 4022 949 4103 aicatioolimamecuspro
962 4021 1093 4084 amicus.
1115 4021 1204 4083 Atia
1227 4076 1229 4080 .

175 4123 215 4200 Τ.
228 4122 270 4180 0.
282 4112 322 4185 ά
336 4116 386 4179 Tr.
402 4112 599 4178 simulabant.
644 4131 660 4193 3
683 4111 925 4202 Qinquaginta
938 4116 971 4175 Τ.
983 4110 1082 4183 &Ta
1124 4131 1147 4193 4
1165 4110 1204 4175 lu
1227 4128 1229 4132 ·

175 4208 304 4298 festor.
351 4225 368 4288 5
396 4204 617 4271 DoveriamT.

214 4341 217 4345 ι
811 4301 847 4368 H
872 4322 896 4371 2
1143 4293 1195 4368 se-
