3000 5075
279 505 1016 611 PRAEFATIO

174 640 326 798 Neque
351 690 483 770 mirari
511 688 625 788 subit,
655 686 695 767 id
719 713 842 796 genus
866 687 1061 770 sermones
1086 690 1202 799 vulgo

179 813 292 897 valde
317 810 571 920 placuisse,
539 811 726 892 cincinnis
755 840 799 894 ac
821 811 914 894 fuco
935 815 1101 894 maxime
1118 815 1203 896 fere
1325 887 1330 895 .

180 937 396 1023 deleuato.
437 936 591 1022 Contra
604 957 735 1020 tamen
759 939 886 1021 audivi
912 939 1146 1046 mehercule,
1162 954 1223 1025 oc.

179 1064 284 1174 saepe
302 1063 512 1147 admiratus
532 1061 629 1164 sum,
657 1062 859 1153 hominum
887 1067 1037 1176 aliquot
1055 1067 1202 1148 littera·

179 1210 314 1274 torum
335 1217 422 1271 cum
444 1188 644 1271 levitatem
661 1200 701 1272 &
715 1194 962 1298 pravitatem,
984 1216 1064 1274 tum
1081 1195 1201 1275 etiam

180 1312 537 1420 pufillanimitatem
560 1319 607 1395 ac
638 1313 903 1418 timiditatem,
931 1317 997 1426 qui
1016 1315 1202 1424 dogmata

181 1439 249 1522 illa
263 1438 434 1522 ecclefiae
447 1437 688 1547 Anglicanae,
701 1467 787 1547 quac
801 1441 881 1551 jam
895 1463 1034 1522 contra
1049 1445 1202 1522 Ducem

1252 530 1326 586 CXV

184 1561 555 1651 Monemuthensem
577 1561 851 1666 defenderant,
875 1566 1006 1672 postea
1024 1565 1201 1647 deleren-
1283 1568 1286 1573 ’

183 1683 235 1768 da
258 1687 334 1768 elle
359 1687 577 1769 docuerunt
599 1715 643 1769 ac
671 1688 785 1796 plane
809 1688 1039 1796 abjuranda:
1079 1693 1205 1809 Qid?

182 1813 247 1892 Ut
263 1837 395 1893 verum
414 1811 553 1916 fatear,
572 1841 654 1894 non
675 1834 828 1896 tantum
844 1814 1017 1905 admiror
1033 1814 1118 1899 illos
1136 1817 1205 1898 ho-

182 1940 329 2046 mineS,
345 1935 414 2020 sed
435 1938 607 2020 &doleo
625 1939 798 2048 quidem,
829 1941 888 2020 vel
903 1968 1073 2051 unquam
1089 1965 1203 2023 natos

140 2086 143 2091 ·
183 2056 310 2168 fiisse,
339 2061 402 2144 vel
419 2064 537 2144 etiam
550 2067 632 2174 jam
659 2084 773 2145 natos
790 2065 830 2144 in
854 2092 940 2146 eam
956 2066 1135 2148 fraudem
1163 2071 1203 2148 in

182 2187 401 2296 Republica
429 2190 503 2269 effe
531 2189 721 2296 delapsos,
749 2213 792 2271 ut
816 2190 1013 2273 dominas
1036 2193 1118 2274 illas
1149 2215 1205 2276 te-

184 2311 335 2394 nendas
354 2313 428 2393 effe
457 2311 737 2421 perhibuerint,
770 2341 855 2424 quae
884 2314 1106 2425 antiquitati
1132 2320 1206 2431 pri-

186 2461 319 2519 maevae
338 2436 499 2518 minime
518 2458 751 2548 congruunt.
795 2433 906 2518 Absit
931 2464 1039 2542 vero,
1058 2457 1101 2520 ut
1118 2441 1203 2548 quis
1262 2488 1264 2493 ·

184 2582 313 2669 putet,
339 2589 400 2667 ea,
429 2591 514 2673 quae
533 2562 852 2675 confignaverim,
880 2563 929 2641 ab
946 2562 1057 2676 hujus
1084 2568 1203 2660 nostri

186 2688 376 2771 sermonis
391 2688 523 2788 officio
532 2681 759 2769 abhorrere.
789 2685 982 2799 roirca
997 2686 1064 2790 mi,
1080 2707 1120 2767 te
1136 2690 1204 2768 ob·

189 2807 311 2915 secro,
326 2813 465 2915 ledor,
481 2811 558 2913 abi,
580 2822 621 2894 &
640 2808 844 2896 hominurn
859 2806 1032 2913 illorum,
1054 2809 1104 2891 de
1120 2815 1204 2921 qui-

164 2919 254 3019 ''bus
273 2935 454 3039 diximuS,
469 2933 644 3019 facinora
665 2931 767 3042 apud
786 2953 827 3013 te
839 2933 1028 3041 expende,
1038 2961 1202 3041 quorum

188 3085 265 3174 ego
279 3061 457 3145 nondum
473 3061 587 3169 plane
607 3061 794 3161 rationes,
809 3060 872 3147 leu
891 3060 1020 3165 potius
1036 3058 1204 3141 fallacias

158 3208 161 3214 ·
188 3187 378 3301 intelligo.
428 3189 545 3273 Edidi
565 3207 694 3272 autem
715 3177 837 3296 (riam,
861 3184 1120 3291 nemeseus,
1140 3190 1205 3270 de-

188 3335 248 3398 cet
269 3317 438 3397 maxime
461 3321 568 3426 lnon
594 3331 853 3425 tantumque
875 3314 923 3397 ad
948 3312 1036 3395 Caii
1059 3315 1204 3396 calcem

186 3441 379 3548 'pollicitus
392 3441 488 3544 sum,
509 3443 631 3527 led&
652 3445 787 3552 plura;
813 3470 893 3523 non
908 3438 1062 3551 quidem
1077 3459 1119 3522 ut
1134 3468 1205 3523 vo-

190 3564 252 3671 lui,
279 3562 349 3646 sed
363 3582 407 3646 ut
420 3563 625 3648 facultates
648 3565 917 3673 permiserunt
958 3564 1033 3645 Sed
1053 3565 1207 3648 nechlc
1265 3592 1269 3597 ·
1343 3544 1360 3561 ⁸

191 3663 409 3770 sistendum.
460 3692 567 3773 Nam
601 3685 821 3829 priusquam
851 3692 976 3787 abeas,
1013 3688 1053 3768 id
1084 3690 1202 3770 etiam

176 3837 351 3893 monere
368 3810 486 3895 visum
503 3814 573 3918 est,
601 3814 723 3895 etlr
687 3816 865 3895 nimirum
886 3755 978 3894 buri
994 3819 1204 3893 Monemu·

171 3932 333 4017 ¹tlrenlis
352 3935 583 4018 enthufiasta
598 3937 713 4043 plane
731 3934 865 4039 fuerit,
894 3965 966 4018 nos
982 3958 1116 4018 tamen
1135 3938 1206 4018 mi-

191 4059 294 4142 nime
312 4058 477 4167 opinari,
499 4058 768 4142 enthufiastam
785 4060 903 4140 etiam
917 4057 1025 4144 soille
1043 4059 1206 4142 Gualte·

192 4207 272 4271 rum
287 4181 519 4288 Rawleium,
544 4184 716 4294 equitem
741 4200 932 4285 auratum,
953 4180 1133 4263 Historiae
1146 4186 1208 4258 U·

797 4332 876 4420 pz
1132 4304 1207 4388 ni·
