3000 5075
220 482 266 556 ιδ
472 467 756 585 ‘Wauann
795 464 1220 545 Humerorum!

190 641 232 706 A.
253 641 297 706 D.
331 631 418 702 tiurn
433 625 596 700 frumenti
611 632 795 726 proXlls.
809 625 957 717 sterling.
973 610 1058 695 itin
1071 621 1159 694 locis
1172 617 1340 720 aliquibui

196 724 287 788 ¹²8⁸·
329 764 392 839 pro
410 764 519 811 marca
536 759 571 808 et
587 739 686 810 ultra.

535 1045 668 1140 Eccirfia
681 1040 778 1138 nostra
795 1019 951 1135 Gisebtrrai
965 1037 1120 1134 romilda.

188 1186 230 1250 Α·
249 1187 294 1253 D·
438 1203 545 1276 Nuo
564 1203 707 1273 Domini
730 1197 911 1272 millefimo
929 1198 1015 1274 ΕΘ.
1035 1197 1244 1294 οᾶοςείῑωο
1265 1204 1337 1273 1x⁰.

196 1269 285 1351 ¹²⁸9·
344 1400 347 1407 ¹
461 1310 572 1381 XVII.
592 1294 801 1406 KaiJunii,
825 1327 861 1379 et
884 1309 992 1406 prima
1008 1306 1066 1379 die
1088 1310 1339 1400 Rogationum,

314 1415 499 1490 ‚ecclesiam
521 1415 667 1489 nostram
692 1413 886 1504 Giseburr's,
911 1441 987 1488 cum
1012 1416 1109 1490 libris
1134 1416 1339 1510 Theologiae

324 1529 452 1618 multis,
475 1546 521 1622 'et
544 1523 789 1626 preciofiffimis
816 1529 867 1597 IX
895 1525 1079 1616 calicibus,
1108 1526 1339 1618 vestimentis,

322 1638 539 1738 ymaginibus
552 1635 767 1737 sumptuofis,
776 1661 881 1708 vorax
892 1635 1026 1710 flamma
1037 1635 1258 1737 consumpfit.
1296 1641 1340 1709 Et

215 1783 222 1799 Ι
301 1744 404 1853 {quia
423 1752 591 1849 preterita
610 1750 734 1822 futuris
753 1745 837 1819 dant
855 1745 998 1822 formam
1019 1752 1184 1842 negociis,
1210 1750 1339 1820 iccirco

322 1861 504 1936 infortunii
519 1857 642 1950 casum,
653 1879 689 1931 ur
704 1855 897 1956 hujusmodi
911 1857 1004 1930 casus
1014 1859 1222 1956 inposterum
1233 1857 1339 1931 decli·

322 1995 434 2064 netur,
449 1969 602 2068 praesenti
613 1965 776 2066 opusculo
789 1967 872 2040 duxi
889 1966 1137 2065 ¹insetendutn.
1165 1972 1235 2040 Die
1246 1975 1337 2046 euim

322 2085 499 2188 madido,
525 2080 740 2182 quiquidem
762 2102 835 2153 erat
852 2079 1020 2171 ventosus,
1044 2104 1081 2153 et
1101 2079 1200 2154 nobis
1218 2083 1336 2177 malus,

320 2195 471 2270 ascendit
481 2190 687 2292 plumbarius
699 2189 873 2263 ecclesiam
886 2217 963 2264 cum
976 2191 1336 2285 duobusgarcionibus

321 2305 400 2394 suis,
419 2325 457 2376 ut
469 2303 638 2374 foramina
653 2297 785 2398 plumbi
802 2302 927 2372 veteris
942 2297 988 2370 de
1001 2325 1090 2372 novo
1103 2303 1242 2394 'stagno
1254 2330 1334 2378 con-

320 2412 493 2500 solidaret,
520 2409 601 2481 srcut
619 2433 679 2505 pet
697 2406 772 2480 dies
794 2409 930 2507 aliquot
945 2435 988 2482 cx
1003 2408 1232 2509 dispolicione
1250 2417 1335 2489 mala

316 2525 525 2626 jamdudum
538 2525 721 2620 inceperat,
730 2519 953 2622 apposuitque
967 2523 1102 2619 patellas
1112 2522 1184 2601 suas
1196 2526 1331 2622 ferreas,

211 2681 215 2692 -
320 2665 399 2714 cum
412 2634 615 2710 carbonibus
628 2654 663 2703 et
676 2634 766 2723 igne,
781 2635 818 2704 in
831 2632 1009 2707 ruderibus
1025 2634 1089 2710 five
1102 2641 1264 2731 gradibus
1277 2669 1333 2717 ex·

319 2755 396 2828 celsi
416 2754 529 2853 operis
543 2750 639 2847 supet
652 2748 745 2841 ligna
761 2744 856 2838 sicca,
871 2749 1002 2824 tumbas
1014 2750 1157 2849 aliquas,
1173 2779 1209 2828 et
1223 2781 1332 2832 cetera

320 2889 464 2965 quaeque
481 2856 690 2947 cremabilia,
710 2863 745 2929 et
762 2882 804 2931 ex
821 2879 914 2957 parte
930 2860 1147 2934 meridionali
1164 2868 1201 2937 in
1225 2866 1331 2941 Cruoe

318 2977 474 3071 corporis
496 2968 595 3069 ipsius
615 2966 775 3058 ecclesa,
799 2972 834 3041 in
852 2995 919 3066 qua
942 2992 1013 3043 erat
1033 2992 1152 3044 ventus
1174 3000 1276 3050 utens
1297 2999 1331 3051 et

318 3088 461 3185 perflans
477 3090 495 3155 a
513 3080 670 3153 meridie.
720 3081 877 3177 Cumque
894 3078 1059 3154 manfiffet
1077 3080 1207 3157 ibidem
1224 3088 1328 3187 usque

318 3199 390 3297 post
405 3194 541 3268 Milium
555 3196 591 3263 in
604 3215 709 3286 opere
725 3187 798 3279 suo,
811 3186 988 3262 descendit
1003 3191 1141 3264 tandem
1156 3215 1235 3265 aute
1251 3223 1328 3297 pro·

316 3306 494 3377 ceffionem
515 3320 710 3390 conventus,
734 3299 876 3373 credens
899 3301 1113 3392 garcionibus
1137 3306 1252 3395 ignem
1271 3333 1327 3380 ex-

315 3414 551 3508 tinguendum.
589 3411 696 3486 Atilii
710 3414 783 3483 cito
796 3413 867 3509 post
881 3438 959 3483 eum
971 3410 1236 3504 descenderunt,
1248 3420 1327 3510 igue

313 3547 382 3596 nou
399 3525 497 3622 plene
512 3525 677 3612 extincto,
698 3517 957 3616 reaccensusque
973 3520 1019 3591 est
1039 3522 1129 3611 ignis
1145 3523 1182 3593 iu
1207 3525 1324 3600 carbo-

314 3637 426 3727 nibus,
451 3658 487 3711 et
502 3637 626 3734 partim
643 3660 686 3734 ex
701 3630 816 3704 calore
838 3629 934 3723 ferri,
959 3635 1083 3733 partim
1099 3658 1142 3706 er
1159 3632 1325 3734 sperlione

356 3860 370 3902 r
393 3838 638 3921 Insuperendum
653 3845 692 3902 0.
715 3836 776 3919 saal
786 3838 883 3902 michi
896 3836 1097 3902 scribendum
1114 3838 1242 3925 reposuit
1256 3842 1323 3907 Stil-

232 3968 233 3971 *
311 3934 469 4020 lingflerus,
476 3934 569 3994 minus
579 3934 654 3994 rede
667 3952 754 4014 quam
766 3929 856 4011 alius,
872 3932 920 4013 qai
933 3930 975 3992 ad
981 3954 1060 3994 orm
1069 3928 1193 4015 q'ufdem
1203 3935 1330 4017 coda'cis,

311 4027 398 4107 lege,
413 4023 620 4104 inserendum,
634 4022 764 4109 serpo,
784 4045 839 4106 quo
855 4021 1012 4107 nodosam
1024 4025 1057 4087 in
1071 4024 1128 4106 ipfh
1143 4027 1243 4091 codice
1257 4032 1321 4092 MS·

312 4117 381 4180 coll.
396 4121 484 4179 Arm.
498 4113 625 4198 disertim
638 4115 759 4199 legitur,
774 4113 888 4195 pariter
900 4128 989 4199 atque
1001 4117 1033 4179 in
1052 4118 1133 4185 Τνίι.
1176 4142 1196 4183 2
1216 4118 1255 4182 id
1271 4118 1319 4203 ep,

312 4208 435 4275 stanno.
1234 4223 1238 4236 ·

1250 4327 1318 4378 Cli·
