3000 5075
302 468 864 554 Hrvnovnnunvanm
897 468 1073 549 Patrai.
1250 493 1316 558 71:

179 642 305 732 veum,
316 643 458 716 Francis
470 638 638 731 effugatis,
652 637 799 710 'tradidit
812 641 861 710 eis
878 623 1137 727 militinam,
1156 653 1205 706 et,
1220 627 1264 693 Α·
1279 631 1341 696 Di·

179 754 308 831 morati
324 750 401 827 stiur
413 752 541 826 ibidem
558 756 620 851 pe'r
631 764 698 822 tres
711 751 797 842 dies,
809 734 1194 848 miseruntqneinterird
1232 729 1335 794 ΙΨ

180 860 227 937 ad
237 860 398 935 bandum
412 860 639 948 Machariurn,
655 863 693 930 ur
702 857 830 933 Villam
842 856 1034 929 redderent.
1068 855 1192 948 Atilii,

180 976 304 1072 petitis
321 992 357 1043 et
368 974 518 1068 optentis
534 966 912 1054 tridualibusinduciis,
928 963 1094 1039 miserunt
1106 971 1194 1039 Bur·
1270 1031 1272 1039 .

180 1079 347 1174 degaiim,
369 1101 405 1152 ut
418 1081 583 1153 auxilium
598 1074 787 1167 mitterent,
809 1098 858 1167 et,
881 1099 1022 1176 accepto
1035 1075 1192 1175 respons>

181 1193 281 1293 quod
293 1221 359 1268 non
371 1195 512 1293 possent,
523 1190 782 1269 tradideruntse
793 1191 910 1264 nostris
922 1195 980 1265 'in
989 1192 1102 1265 villam
1115 1193 1192 1265 red·

180 1300 357 1375 diderunt.
397 1297 582 1373 Castrenses
595 1322 708 1379 tamen
721 1296 899 1372 tenuerunt
909 1300 1072 1390 Castrum,
1084 1323 1120 1373 et
1130 1303 1193 1376 ob-

180 1411 251 1490 seffi
263 1411 340 1486 sunt
353 1421 372 1485 u
387 1414 505 1484 nostris
521 1411 631 1484 tribus
642 1408 865 1503 Ebdomadis,
879 1438 944 1485 non
961 1434 1073 1486 tamen
1088 1437 1193 1511 expo·

180 1525 287 1617 gnari.
327 1524 736 1594 Interimverovenerunt
753 1524 905 1618 quinque
914 1519 1194 1614 BurgensesBur·

180 1630 375 1724 degasenses
388 1633 429 1704 ad
440 1635 629 1705 Dominum
639 1630 1054 1730 Edmundum,loquentes
1065 1630 1193 1706 secrete
1203 1680 1205 1685 -
1245 1704 1247 1711 ,

180 1762 469 1841 etcumponentes
482 1747 566 1838 ³pro
580 1764 636 1831 eo,
649 1764 714 1840 pro
726 1743 915 1839 quinquies
924 1736 1015 1812 mille
1026 1740 1193 1814 librarum

180 1852 340 1940 Argenti,
350 1868 388 1922 ut
403 1851 589 1922 Civitatem
592 1845 878 1938 burdegalensem
890 1846 1003 1922 eidem
1017 1848 1192 1921 traderent

182 1965 223 2034 in
236 1978 361 2032 aurora
374 1967 394 2032 a
409 1957 561 2033 secundae
577 1956 647 2029 diei
662 1956 745 2030 dato
759 1983 836 2030 curn
853 1952 919 2031 hoc
935 1959 1030 2052 figno
1047 1978 1083 2032 er
1101 1961 1192 2032 inito·

161 2150 165 2165 Ι
182 2059 304 2167 pediu,
321 2091 359 2141 ut
375 2094 451 2140 cum
471 2064 573 2139 essent
588 2061 730 2138 Urbem·-
747 2069 891 2159 ingressi,
917 2089 1095 2164 parcerent
1112 2071 1190 2140 uui·

182 2171 297 2263 versis,
316 2178 383 2270 qui
404 2172 501 2265 figno
521 2176 636 2244 Sanus
649 2177 793 2264 Georgii
816 2178 1037 2247 munirentur.
1079 2181 1190 2246 Dum-

182 2302 509 2380 querevertercntnr
521 2279 701 2354 adUrbem
713 2283 767 2355 illi
782 2285 948 2379 quinque,
958 2284 1087 2383 proditi
1100 2283 1189 2373 sunt,

183 2397 276 2491 eapti
291 2414 328 2464 er
343 2393 556 2480 incarcerati,
573 2410 609 2460 et
626 2392 696 2485 post
712 2389 786 2463 dics
802 2417 929 2490 paucos
944 2392 1105 2491 patibuiis
1121 2389 1190 2465 sus·

184 2500 287 2600 pensi.
327 2500 553 2579 Venientibus
565 2521 678 2573 autern
691 2503 809 2575 nostris
821 2524 860 2577 ut
873 2505 1134 2595 ingrederentur
1145 2503 1192 2578 ad

182 2610 338 2699 libitvuu,
357 2610 481 2706 repusfi
495 2609 569 2683 sunt
584 2618 607 2683 a
621 2612 772 2699 Civibus,
795 2616 853 2710 qui
869 2636 988 2686 eorum
1007 2615 1191 2689 adventum

183 2744 494 2824 precognoverant,
518 2743 552 2793 et
567 2722 746 2794 firmissime
763 2720 947 2795 clauserant
962 2749 1077 2825 portas
1093 2730 1188 2799 Ciri-

183 2836 276 2922 taris,
290 2835 443 2930 initoque
453 2831 692 2919 constiturum
705 2829 737 2903 se
752 2829 867 2903 illusos
878 2830 920 2904 stc
933 2833 1192 2930 cognoscerent,

183 2969 244 3019 nec
261 2944 415 3017 secutum
430 2944 592 3017 haberent
606 2944 735 3034 locutu,
750 2966 820 3038 quo
835 2944 1059 3035 declinarent,
1075 2945 1190 3045 profe·-

182 3050 322 3128 &isuut
332 3078 448 3124 omncs
460 3052 682 3148 usqueBayun
693 3072 729 3125 et
742 3051 932 3124 honorifice
945 3052 1087 3153 suscepti
1100 3054 1189 3133 sunt.

180 3167 227 3234 At
248 3158 307 3233 ubi
326 3162 496 3231 Dominus
511 3158 708 3231 Edmundus
725 3158 852 3230 multos
869 3161 937 3256 jam
954 3163 1189 3260 stipendiarios

179 3290 440 3360 convocaverat,
465 3290 500 3339 et
517 3268 643 3339 multos
665 3265 836 3339 thesauros
852 3268 1061 3361 exhauserat,
1086 3273 1187 3345 velud

179 3382 291 3454 homo
304 3379 434 3452 facetus
447 3401 482 3451 et
493 3377 705 3469 targiffimus,
714 3402 790 3451 curn
802 3380 871 3474 jam
884 3382 1189 3459 tantamMiIician

177 3494 331 3564 retinere
350 3511 417 3558 non
435 3485 552 3584 posset,
577 3509 619 3556 eo
638 3486 731 3581 quod
753 3514 821 3558 non
838 3488 998 3561 ⁴baberet
1013 3492 1189 3586 stipendia,

177 3595 315 3672 decidit
332 3592 443 3667 vultus
458 3595 530 3690 ejus
542 3616 576 3665 et
595 3595 780 3667 infirmatus
797 3598 841 3667 est
855 3600 944 3668 circa
959 3599 1188 3692 Pentecosten,

176 3729 215 3779 et
228 3704 275 3777 src
289 3702 470 3776 deficiente
484 3707 623 3799 pecunia
636 3702 764 3780 defecit
777 3726 812 3775 et
822 3705 971 3801 spiritus,
985 3732 1020 3779 et
1032 3709 1107 3804 post
1117 3708 1189 3787 dies

177 3818 407 3917 paucosviam
421 3815 574 3884 universae
591 3815 697 3884 carnis
713 3811 873 3903 ingressus
890 3816 947 3903 est,
963 3822 1190 3919 praecepitque

168 3930 315 4015 nostris,
341 3947 379 3996 ut
403 3921 609 4021 asportarent
631 3946 709 3993 eum
736 3919 860 4012 securn,
887 3950 947 3997 nec
971 3922 1191 4024 sepelirentur

182 4062 290 4076 ..ν-

221 4144 235 4187 1
260 4130 302 4188 L.
315 4121 438 4201 villam,
459 4142 519 4180 cum
536 4124 574 4179 0.
590 4121 622 4179 Τ.
640 4115 679 4187 &¹
692 4123 739 4183 Tr.
780 4138 799 4179 2
820 4122 861 4179 L.
881 4118 930 4198 ἃ,
954 4140 1014 4182 cvm
1034 4124 1066 4184 Τ.
1079 4120 1119 4194 &¹
1135 4125 1184 4188 Tr.

180 4233 196 4297 ξ
219 4216 309 4283 Cum
324 4212 379 4297 eu,
389 4221 421 4277 T.
434 4212 472 4285 (φ
487 4215 535 4276 Tr.
577 4233 599 4293 4
619 4209 784 4275 Haberent
795 4213 827 4273 Τ.
1116 4291 1187 4364 offa
