3000 5075
219 524 272 576 ιο
493 489 757 573 Warttnt
802 489 1184 579 Hnurnoaotto

192 666 235 733 Α,
254 667 299 748 D,
330 637 525 742 fedumque
549 646 595 717 est
611 648 672 735 ita,
699 647 883 740 ¹quoniam
899 628 1074 717 omnes'in
1091 670 1160 717 una
1178 642 1238 716 die
1259 642 1344 741 capti

200 768 291 831 1290⁸
333 754 421 846 sunt,
435 780 471 830 et
484 757 571 831 infra
585 759 688 830 alium
703 756 797 830 diem
813 778 944 828 cetrum
962 755 1104 856 expulsi.
1141 754 1348 828 Conliscata·

332 893 400 965 que
417 868 493 941 sunt
510 873 625 940 omnia
641 867 730 939 bona
753 892 874 939 eorum
890 864 1093 952 immobilia,
1116 891 1197 938 cum
1210 863 1347 938 'scotris

331 998 369 1047 et
381 976 653 1068 obligationibus
669 975 756 1049 suis:
783 974 916 1074 reliqua
928 999 1009 1045 vero
1024 973 1180 1063 mobilia,
1194 998 1273 1045 cum
1288 975 1349 1046 Ar-'

283 1167 288 1175 .
331 1110 437 1178 gento
450 1108 484 1158 et
499 1095 603 1178 Auro,
614 1113 673 1160 eos
684 1088 856 1185 asportare
867 1083 1013 1183 permifit
1025 1089 1115 1174 Rex,
1130 1083 1225 1180 quod
1238 1104 1348 1155 tamen

331 1196 509 1299 displicuit
534 1200 664 1290 multis,
689 1203 779 1272 inter
802 1225 890 1298 quos
913 1199 1055 1296 quidam
1072 1195 1186 1296 Judaei
1211 1192 1348 1268 Londo·
1371 1210 1376 1251 l

333 1310 477 1399 nienses,
501 1309 688 1386 nobiliores
710 1335 745 1384 et
766 1312 916 1386 ditiores
939 1316 1045 1383 totius
1071 1312 1247 1396 Civitatis,
1272 1330 1348 1379 curn

332 1418 514 1493 immensos
528 1421 689 1494 baberent
699 1420 910 1512 Thesauros3·
922 1408 1160 1495 conduxerunt
1174 1441 1295 1490 navem
1308 1414 1349 1488 de

225 1527 252 1601 .’
331 1528 497 1604 Portubus
512 1556 665 1622 magnam
679 1553 714 1605 et
727 1529 904 1621 excelsam,
928 1557 994 1630 qua
1011 1551 1165 1620 onerata,
1191 1524 1347 1609 aseende-

331 1642 719 1744 runteametabierunt.
750 1645 908 1738 Cumque
919 1640 1070 1715 essentin
1081 1637 1348 1733 descensuTbe·

238 1790 244 1796 ·
332 1749 436 1826 mifiae
448 1754 546 1848 juxta
560 1780 661 1843 marc,
676 1757 780 1847 gratis
791 1754 988 1826 anchotavir
1001 1779 1075 1848 earn
1091 1753 1248 1843 magister
1259 1751 1348 1822 navit

334 1866 371 1934 in
387 1861 509 1936 mediis
523 1861 691 1936 fludibus.
731 1865 910 1955 Cogitavit
920 1865 1011 1935 enim
1026 1865 1139 1934 'intra
1157 1857 1191 1933 se'
1207 1881 1244 1930 et
1260 1882 1342 1933 con-

333 1971 461 2063 doluit,
483 2001 525 2046 ne
542 1979 645 2047 tantis
663 1974 753 2047 forte
768 1975 907 2046 diviciis
923 1973 1126 2072 spoliaretur
1143 1993 1246 2045 terra.
1284 1972 1349 2041 De·

230 2074 233 2079 ’
266 2102 269 2106 “
334 2081 562 2157 crescentibus
579 2085 717 2158 tandem
733 2089 843 2181 aquis,
868 2082 1026 2157 remanfit
1045 2078 1117 2179 ipsa
1135 2086 1228 2153 navis
1252 2078 1348 2179 super

334 2189 478 2280 aridam,
500 2215 536 2263 et
551 2197 601 2263 ait
613 2194 759 2290 Judaeis:
785 2198 909 2266 Domini
925 2197 996 2281 mei,
1004 2197 1072 2279 jam
1083 2195 1214 2284 gravati
1231 2191 1299 2288 essis
1314 2195 1346 2261 in

316 2322 318 2326 ·
336 2305 435 2391 aquis,
455 2321 486 2372 et
496 2303 714 2396 superventura
723 2302 796 2396 sunt
809 2309 903 2377 mairo
920 2307 1037 2392 majora
1049 2307 1246 2395 gravamina.
1290 2306 1346 2374 Bo·

333 2435 404 2483 num
419 2413 469 2508 est,
493 2416 571 2508 quod
586 2440 702 2488 mecum
724 2415 898 2508 ascendatis
905 2411 1079 2508 spaciatum
1100 2419 1133 2484 in
1148 2417 1241 2485 arida
1257 2414 1347 2508 supet

334 2549 458 2599 arenam
471 2531 578 2600 maris.
605 2530 674 2600 Non
687 2533 767 2601 enim
781 2531 902 2601 venient
917 2551 1000 2621 aqna
1018 2552 1123 2619 magno
1129 2526 1248 2619 spacio.
1279 2524 1346 2611 Ad,-

333 2637 538 2729 quieverunt
553 2664 634 2731 ergo
648 2643 680 2711 ei
693 2638 916 2729 ⁴gaudientes
930 2657 964 2706 et
977 2641 1145 2709 exierunt.
1175 2635 1250 2732 lpse
1269 2655 1346 2709 vero

333 2742 473 2817 ⁵adunit
485 2772 555 2837 eos,
565 2757 630 2820 eta
643 2753 718 2819 navi
729 2749 864 2840 longius
874 2744 1207 2842 attraxit‚quousque
1218 2771 1345 2839 cogno·

333 2853 440 2926 sceret
456 2882 547 2929 mare
559 2859 683 2931 iterum
699 2857 889 2930 redundare
904 2855 1040 2928 debere.
1079 2857 1345 2929 Advenientibus

334 2964 436 3035 tande
485 2966 652 3059 lludiibus,
663 2966 964 3067 praecucurtitipse
976 2989 1089 3057 nauta,
1100 2989 1134 3037 et
1147 2994 1347 3041 navemcum

310 2992 627 3150 *cordanlscendte
665 3077 777 3175 Judaei
802 3102 905 3166 vero,
922 3076 1018 3148 lento
1042 3073 1127 3173 pede
1155 3075 1341 3175 sequentes,
1378 3144 1382 3150 .

332 3188 562 3264 clamaverunt
575 3178 719 3281 adeum,
733 3213 770 3266 ut
783 3190 864 3264 salvi
880 3191 1013 3264 fierent.
1043 3195 1086 3260 At
1102 3188 1178 3259 ille':
1195 3195 1265 3262 Non
1279 3180 1346 3287 (inss

333 3305 425 3397 quit)
451 3306 491 3374 ad
517 3331 576 3391 me,
591 3304 647 3397 sed
667 3309 707 3377 ad
723 3309 904 3398 Prophetam
924 3302 1048 3399 vestrum
1067 3302 1194 3402 Moysen
1215 3308 1346 3376 clamate

325 3409 463 3502 fortiter.
505 3414 569 3509 lpse
584 3421 665 3487 enim
679 3418 785 3488 eduxit
801 3420 911 3487 Patres
927 3412 1031 3507 vestros
1039 3431 1096 3503 per
1112 3415 1247 3485 medium
1266 3414 1345 3485 Ma·

331 3524 375 3591 ris
390 3523 495 3613 Rubri,
513 3544 545 3594 ct
559 3544 666 3617 parens
684 3526 785 3621 estvm
800 3525 914 3615 eripere
928 3520 1108 3611 deflniiibru
1125 3521 1200 3615 istis,
1215 3522 1245 3618 fi
1260 3528 1343 3598 velit.

331 3632 569 3708 Clamaverunt
583 3658 665 3726 ergo
678 3636 721 3707 ad
738 3636 929 3706 Dominum
944 3651 980 3701 et
993 3626 1153 3727 Moysen,
1168 3655 1230 3701 nec
1248 3658 1348 3707 exau·

332 3742 399 3814 diti
413 3743 499 3833 sunt,
511 3748 671 3841 quoniam
683 3742 857 3817 absorbuit
866 3765 926 3811 eos
937 3764 1041 3827 mare,
1051 3762 1087 3812 et
1101 3738 1261 3813 submerfi
1274 3739 1347 3814 sunt

372 3970 387 4012 1
413 3950 510 4039 Qod
524 3971 635 4017 omnes
651 3957 684 4014 T.
727 3973 747 4014 2
768 3956 816 4011 Ita
837 3962 870 4009 nt
886 3946 964 4009 nuda
980 3938 1133 4006 earundem
1141 3958 1216 4023 pars
1233 3939 1277 4002 ad
1290 3933 1346 4023 eas·

329 4039 394 4109 dean
402 4049 547 4127 pertinere
557 4042 723 4129 censeretur.
755 4042 873 4107 Scatrae
884 4038 930 4104 hic
940 4040 1018 4105 idem
1028 4038 1105 4124 qnod
1112 4051 1219 4120 partes
1221 4036 1290 4122 five
1299 4035 1345 4099 di·

237 4141 240 4154 ¹
331 4133 480 4219 vibones,
496 4135 740 4217 Anglireiharvt.
786 4132 960 4217 3InterT.
1000 4136 1083 4216 4L.
1101 4130 1274 4212 gaudentes
1287 4133 1373 4192 anu·

332 4224 467 4302 wo.
511 4224 738 4311 5AdduxitT.
792 4270 796 4279 .

1305 4321 1340 4393 iu
