3000 5075
379 500 1007 605 PRAEFATIO.

178 679 311 786 palam
329 677 372 760 in
385 677 471 760 luce
485 693 636 784 aperta,
658 674 808 777 synodo
825 672 914 755 satis
930 669 1126 781 frequenti
1140 697 1205 753 co·

183 804 273 886 adla
296 803 473 886 virorum
497 826 538 885 et
566 802 787 886 limatorum
815 823 857 882 et
883 798 1112 906 proborum,
1139 797 1204 905 qui

180 929 388 1013 Peacockii
418 931 537 1012 etiam
564 929 694 1013 amitis
722 928 853 1035 aliquo
879 928 919 1006 in
940 951 1104 1007 numero
1127 923 1204 1007 effe

181 1042 432 1154 videbantur:
465 1055 607 1169 'Qod
627 1044 877 1137 attentissime
898 1052 941 1133 iis
957 1050 1203 1133 confideran·

182 1179 276 1264 dum
303 1183 382 1266 effe
399 1182 579 1283 arbitror,
614 1181 693 1290 qui,
726 1179 870 1288 absque
897 1172 1046 1280 synodo
1070 1175 1203 1272 omnia

181 1311 347 1422 peracta
358 1307 480 1413 finisse,
503 1308 676 1417 produnt
691 1353 702 1406 3
730 1307 895 1414 (nullam
913 1299 1072 1384 forfitan
1088 1302 1202 1383 aliam

184 1433 241 1514 ob
254 1435 432 1538 caussam,
463 1433 531 1515 nist
545 1429 652 1544 quod
667 1431 802 1513 diverfi
817 1431 934 1512 etiam
953 1427 1105 1537 Angliae
1121 1426 1202 1534 epi-¹

184 1554 307 1664 scopi,
335 1577 380 1639 ut
394 1558 621 1664 accepimus,
644 1555 811 1661 primum
830 1549 1036 1634 Peacockii
1050 1549 1201 1658 aliquot

181 1678 366 1763 favissent
390 1681 597 1784 erroribus,
625 1677 694 1759 etsi
713 1677 847 1785 postea
871 1677 1110 1757 correxerint
1135 1677 1203 1758 de·

181 1806 460 1916 pulerintque.)
488 1803 831 1917 Quemadmodum
846 1813 886 1885 &
903 1800 944 1883 id
958 1800 1114 1883 demum
1131 1799 1202 1884 eis-

1213 518 1362 576 LXXXIII

182 1928 276 2013 dem
296 1927 583 2042 diligentillime
599 1924 810 2010 videndum
828 1927 902 2007 else
923 1948 1033 2033 puto,
1060 1927 1128 2037 qui
1142 1927 1202 2010 hi4
1262 1946 1265 1950 ’

182 2056 349 2140 stor'icos
365 2058 514 2140 nostros
529 2081 574 2136 ac
589 2053 770 2164 Registra
780 2051 1025 2158 pervolvunt,
1041 2080 1121 2162 quo
1135 2051 1200 2135 sua

181 2209 381 2318 quemque
396 2180 710 2263 naturamaxime
731 2178 854 2258 tulisse
872 2175 1079 2259 videretur.
1108 2187 1202 2261 Ete-

183 2303 267 2386 nim
294 2300 395 2409 saepe‘
410 2302 610 2440 uidemus,
636 2303 858 2410 scriptores,
885 2326 958 2406 pro
980 2303 1199 2411 suoquem·

180 2450 258 2533 que
286 2425 448 2554 ingemo
478 2450 596 2538 atque
620 2426 795 2529 arbitrio,
824 2423 949 2506 multa
969 2425 1132 2507 subinde
1150 2427 1202 2509 de

180 2546 379 2633 industria
375 2544 674 2657 praetermisisse,
687 2576 775 2660 quae
790 2547 948 2656 alioqui,
964 2547 989 2629 fi
1006 2567 1140 2656 aperte
1156 2567 1202 2633 ac

181 2665 310 2779 plene
315 2696 579 2778 narrarentur,
597 2672 757 2755 mirifice
775 2672 846 2753 aevi
868 2672 980 2779 prisci
999 2699 1060 2753 res
1075 2674 1200 2783 gestas

181 2798 432 2883 illustrarent.
467 2801 506 2884 id
519 2800 626 2913 quod
641 2803 755 2910 plane
767 2812 810 2885 &·
821 2801 886 2882 hlc
900 2799 951 2883 de
966 2802 1106 2908 seculo,
1121 2805 1201 2912 quo

182 2920 583 3032 vixeritPcacockius,
612 2928 668 3008 est
685 2925 996 3038 intelligendum.
1037 2936 1073 3009 Is
1093 2929 1202 3013 enim'

125 3047 129 3054 ’
181 3049 358 3165 quamvis
374 3050 612 3159 episcopatu,
630 3051 716 3160 post
730 3051 920 3161 dogmata
932 3050 1129 3156 damnata,
1145 3047 1202 3132 cs·

181 3174 246 3258 set
261 3176 449 3285 privatus,
476 3176 791 3287 archiepiscopali
807 3200 936 3258 tamen
948 3176 1027 3260 sola
1037 3176 1202 3258 audtori·

181 3325 267 3388 tate
278 3307 479 3387 fadumne
494 3306 533 3387 id
547 3304 678 3407 fuerit,
693 3332 742 3388 an
761 3306 891 3413 potius
905 3304 1067 3386 aliorum
1082 3306 1203 3390 etiam
1265 3341 1270 3356 ¹

182 3428 513 3512 consentientium
545 3459 588 3513 ac
614 3432 792 3541 suffragia
811 3427 876 3511 sua
901 3428 1111 3513 ferentium
1137 3441 1202 3514 tu-¹

181 3554 384 3659 docmate,
415 3582 477 3639 res
502 3555 678 3666 equidem
708 3554 909 3637 obscurior
936 3553 1202 3666 difficiliorque

183 3681 380 3793 est,quam
392 3701 436 3763 ut
449 3709 534 3764 earn
551 3704 734 3790 prompte
746 3682 881 3790 poffim
900 3680 1105 3789 explicare.
1144 3688 1203 3769 At

182 3804 279 3887 mihi
303 3804 476 3911 ¹videtur,
515 3803 556 3886 id
582 3806 727 3887 lidum
753 3801 860 3887 fuisse
886 3805 1053 3887 aliorum
1081 3807 1201 3891 etiam

183 3929 472 4048 suffragantium
499 3932 658 4039 confilio
672 3918 673 3921 Ὺ
687 3960 732 4015 ac
759 3932 1007 4014 auctoritate.
1050 3933 1203 4040 opinio·

183 4084 355 4167 nemque
371 4057 523 4139 firmare
526 4055 669 4167 judico
693 4061 732 4141 T
734 4057 894 4140 hornam
907 4053 1203 4198 Gascoig'nium

183 4187 326 4356 Neque
359 4180 560 4271 diffensrffe
591 4182 756 4277 videtur
769 4181 978 4289 Lelandus,
1005 4185 1086 4296 qui,
1113 4196 1203 4269 Pea-

804 4307 870 4391 lz
1118 4334 1205 4395 coc·
