3000 5075
409 485 1044 589 PRAEFATIO.
1288 512 1356 570 01⁸

159 762 163 769 .
206 661 304 745 dem
333 663 536 773 spodiandi
560 662 773 749 admodum
802 664 963 772 cupidus
992 665 1123 769 effem,
1151 693 1239 774 per·

208 780 330 896 quam
350 787 545 872 benevole
559 787 654 871 mihi
670 786 924 870 ostenderunt
938 816 1037 870 unus
1053 810 1173 900 atque
1187 791 1240 873 al·

208 911 436 999 teresociis
448 914 605 1025 collegii
618 913 792 998 eruditio
832 914 986 1019 Codex,
1005 943 1122 1026 quem
1136 908 1242 1020 dieo,
1296 949 1298 952 ·

211 1036 269 1125 cst
289 1041 462 1126 Danant·
481 1040 670 1147 Rationale
694 1041 905 1123 Divinarum
925 1037 1127 1144 officiarum.
1173 1039 1242 1121 Est
1299 1136 1301 1140 ,
1353 1142 1357 1151 Ι

208 1161 252 1247 in
266 1163 520 1269 membranis,
548 1160 616 1249 sed
637 1149 760 1272 (quod
779 1162 911 1268 doleo)
939 1163 1054 1246 valde
1072 1152 1240 1279 mutilpb,

166 1354 170 1361 ‚
209 1289 416 1379 Mutilatio
431 1290 512 1375 haec
526 1290 669 1397 obstat,
693 1318 775 1400 quo
795 1292 925 1373 minus.
944 1307 1145 1398 protento
1164 1290 1239 1372 sta·

209 1431 326 1499 tuere
337 1416 492 1525 poffim,
515 1445 685 1528 quonam
704 1444 824 1519 anno,
848 1416 910 1497 vel
926 1445 1100 1525 quonam
1115 1417 1238 1498 etiam

211 1540 318 1647 loco,
335 1538 459 1627 fuerit
469 1542 640 1627 excusus.
681 1541 757 1624 Uti
772 1567 899 1651 neque
912 1541 1158 1648 exploratum
1171 1539 1239 1620 ha-

210 1664 304 1772 beo,
326 1695 501 1776 quonam
517 1672 648 1779 pretio
667 1670 812 1753 vaeniit.
854 1696 945 1751 nam
966 1680 1004 1751 &
1023 1667 1100 1749 hoc
1116 1666 1238 1751 etiam

211 1789 620 1898 seiteintereffimodo
633 1794 674 1876 id
687 1796 799 1877 nobis
813 1797 990 1878 constare
1004 1793 1129 1903 poffit.
1160 1801 1237 1877 Ex-

209 1916 362 2025 emplar
386 1918 557 2030 ejusdem
572 1921 711 2029 operis
735 1925 904 2026 ὁλόκληρον
929 1920 1004 2000 fiv'e
1024 1911 1238 2030 integrum,

209 2040 335 2151 idque
351 2046 472 2129 etiam
495 2047 538 2129 in
553 2049 806 2150 membranis,
833 2049 875 2130 in
888 2045 1128 2129 bibliotheca
1142 2073 1239 2155 qua·

211 2167 403 2257 damone
419 2175 570 2280 privata
585 2202 650 2256 me
661 2176 871 2258 certiorem
886 2176 979 2257 fecit
996 2174 1140 2257 amicus
1154 2201 1238 2258 non
1391 2274 1393 2279 ¹

208 2293 269 2377 ita·
277 2296 434 2403 pridem
446 2298 661 2383 defianstus.
700 2328 788 2410 quae
804 2300 986 2408 profedo
998 2297 1238 2381 bibliotheca
1362 2298 1364 2301 ’

208 2424 386 2527 pertinet
412 2425 462 2509 ad
485 2419 754 2509 Batonettum¹
771 2426 1024 2532 praenobilem
1053 2429 1107 2507 D.
1125 2424 1239 2508 Tho·

210 2573 316 2638 mam
332 2552 532 2664 sebright,
550 2555 601 2637 de
617 2556 731 2639 nobis
746 2555 930 2663 praeclate
948 2553 1142 2636 metitum.
1181 2562 1236 2637 Et

210 2677 318 2762 Ami
341 2680 546 2764 millesimo
564 2677 948 2792 quadringentefimo
965 2677 1237 2788 quinquageii·
1355 2739 1360 2754 ,

211 2828 279 2884 mo
295 2833 408 2889 nono
426 2807 519 2917 (stne
532 2807 749 2919 fignaturis,
763 2834 855 2917 quas
872 2825 1031 2909 vocant,
1048 2805 1097 2887 ad
1111 2806 1235 2891 imum

209 2931 438 3041 paginarum
454 2935 765 3047 typographicis)
785 2934 1008 3042 impressum
1025 2933 1150 3037 fuiffe,
1168 2959 1233 3015 me

210 3056 424 3140 certiorem
448 3053 555 3142 fecit-
568 3061 627 3141 vir
650 3060 791 3143 dotibus
809 3059 1056 3168 Benjaminua
1080 3058 1236 3142 Howel·

188 3179 276 3287 ius,
292 3186 386 3267 S.T.
398 3189 442 3265 B.
459 3188 609 3268 nonita
624 3185 775 3293 pridem
790 3186 944 3295 collegii
957 3182 1049 3295 Jesu
1065 3184 1237 3267 Oxo'uiae
1287 3202 1289 3205 ’

209 3305 347 3391 socius.
388 3309 583 3394 Codioem
610 3310 718 3420 quod
745 3312 891 3393 attinet
909 3310 1089 3393 mutilum
1108 3312 1150 3393 in
1174 3312 1233 3393 bi-

209 3428 407 3515 bliotheca
422 3434 580 3546 collegii
594 3437 788 3518 Omnium
807 3438 1051 3543 Animarum,
1071 3437 1174 3519 oiim
1191 3439 1241 3536 in·
1263 3493 1285 3509 -
1308 3503 1312 3512 .

211 3556 371 3663 capellae
381 3558 505 3642 choro
519 3559 762 3649 adservatum
777 3558 900 3667 fuiffe,
913 3562 939 3641 ὲ
954 3583 1051 3654 nota
1065 3561 1231 3669 quadam

212 3684 356 3796 colligo
367 3684 420 3767 ad
438 3686 598 3772 Codicis
613 3687 781 3774 initium.
822 3687 945 3770 Unde
959 3689 1079 3769 etiam
1096 3690 1234 3797 liquet,
1266 3711 1271 3717 ·

212 3807 382 3919 oollegio
394 3809 584 3894 donatum
596 3811 704 3894 fuiffe
715 3814 1233 3910 A.D.M.CCCC.XCVIII,

214 3933 375 4044 quuod
393 3937 482 4017 satis
498 3938 571 4019 tibi
583 3940 657 4021 erit
673 3935 917 4019 manifestum
932 3966 981 4018 ex
999 3934 1093 4043 ipsa,
1112 3966 1231 4047 quam
1357 4009 1359 4012 .

216 4059 519 4162 &Coliestaneis
535 4065 672 4147 nostris
684 4070 797 4146 MSS.
811 4064 891 4145 vol.
912 4096 999 4165 103.
1017 4082 1151 4170 p.156.
1167 4065 1232 4147 hic

215 4180 433 4296 divulgabo,
460 4209 569 4292 nota,
600 4215 676 4271 una
697 4188 890 4293 cumillis,
918 4216 1003 4299 quae
1020 4188 1070 4270 de
1088 4188 1230 4397 eodCem

1185 4340 1228 4391 0.
