3000 5075
300 488 561 569 Hrsrovun
599 481 842 564 Euvanur
883 479 1057 557 Punvr.
1235 452 1289 573 '73
1327 442 1338 466 x

175 644 401 721 abhorrerent
412 648 448 715 in
461 638 659 729 inmensum,
686 644 722 712 in
739 665 855 712 manus
870 638 1014 712 hostium
1031 634 1065 708 se
1076 631 1189 707 trade·
1217 635 1261 701 A.
1278 634 1324 699 D.

176 782 227 841 re.
262 759 344 848 Qo
355 757 486 844 audit0‚
502 753 668 827 festinavit
677 755 816 842 Comes,
831 757 891 851 qui
899 752 1024 824 nostris
1039 747 1201 847 praeerat,'
1228 735 1318 798 ¹²95·

169 870 228 956 et,
239 868 430 966 praeparatis
445 864 645 952 necessariis,
661 862 832 958 prosedeus
844 863 890 932 est
903 865 1072 936 cumv10.
1085 882 1202 929 arma·

178 983 238 1069 tis,
251 983 336 1050 etX.
349 975 484 1049 milibus
498 975 651 1072 peditum
662 971 1055 1068 eleetorummanfitque
1067 966 1191 1040 eodem
1263 1012 1269 1023 ›
1345 1056 1351 1064 ἱ

176 1088 239 1160 die
261 1093 297 1161 in
314 1087 458 1184 vesperis
474 1087 562 1186 apud
581 1083 791 1158 Perforarde.
835 1089 939 1156 Mane
956 1103 1070 1156 autem
1088 1079 1193 1167 fatto,
1276 1132 1280 1142 -

180 1202 393 1270 continuavit
406 1202 581 1294 inceptum
591 1199 657 1267 iter
666 1195 770 1293 usque
779 1195 823 1266 ad
833 1195 951 1266 horam
964 1193 1193 1283 undecimam,

180 1308 343 1399 volens,s1
360 1308 478 1403 posset,
489 1306 608 1377 eodem
618 1306 676 1377 die
686 1304 819 1377 obseffis
830 1304 1014 1380 subvenire.
1042 1311 1193 1377 Eteradt

180 1445 299 1496 ornnes
314 1423 433 1491 armati
449 1441 486 1492 et
505 1419 589 1491 bene
606 1421 742 1507 muniti,
768 1423 847 1515 quia
864 1416 1113 1515 suspicabantur
1130 1418 1194 1489 ho-

182 1533 247 1604 stes
264 1534 299 1604 in
314 1533 482 1631 proximo,
520 1558 589 1603 nou
603 1554 713 1604 tamen
725 1530 875 1602 decerto
889 1528 1048 1619 sciebant,
1061 1529 1195 1621 gradie·
1284 1535 1290 1546 '

146 1740 152 1747 .
178 1637 375 1736 banturque
392 1664 451 1737 per
467 1661 594 1713 turmas
618 1638 700 1728 suas,
727 1640 837 1712 tribus
856 1641 1026 1714 distindas
1045 1640 1195 1727 aciebus,

185 1750 363 1855 portantes
379 1749 549 1852 frumenta
565 1770 601 1822 et
625 1774 728 1821 onera
748 1755 839 1822 inter
861 1749 945 1850 ipsas
966 1751 1036 1828 suas
1054 1770 1194 1822 turmas.

184 1857 345 1953 Cumque
357 1858 594 1932 nondistarent
605 1859 752 1961 abUrbe
767 1859 827 1935 nisr
843 1887 903 1959 per
917 1883 985 1934 tres
998 1861 1107 1935 leucas
1121 1885 1197 1933 rno-

184 1965 293 2056 dicas',
309 1986 345 2037 et
359 1967 442 2040 esset
459 1965 527 2066 ipsa
541 1971 614 2041 dies
625 1969 769 2042 multum
784 1962 957 2064 inclinata,
971 1971 1083 2045 filvam
1098 1979 1200 2069 ¹qua·
1285 1991 1295 2018 ⁹

186 2073 268 2146 dam
284 2075 465 2164 modicam,
489 2103 564 2174 quae
584 2098 656 2149 erat
675 2082 710 2151 in
735 2085 799 2169 via,
825 2080 961 2153 tranfire
985 2079 1195 2173 festinabant.

189 2183 326 2276 Egreffa
340 2208 452 2259 autern
469 2193 540 2260 acie
556 2192 664 2287 prima
678 2194 737 2260 'et
747 2187 833 2280 sriva,
847 2194 999 2267 occurrit
1012 2195 1061 2263 eis
1077 2193 1112 2261 in
1128 2189 1200 2286 ple-

190 2318 233 2365 na
252 2292 396 2391 planicie
412 2296 535 2366 Comes
554 2296 599 2368 de
623 2297 769 2393 Arthoys
790 2322 867 2370 cum
886 2298 981 2372 mille
1006 2300 1203 2397 quingentis

191 2405 345 2491 armatis,
355 2427 565 2500 perquatuor
575 2411 662 2480 acies
673 2408 837 2482 distineris
851 2433 886 2483 et
901 2410 1071 2508 seperatis.
1096 2402 1202 2481 ·Con-

192 2513 427 2608 gredientibus
442 2541 523 2607 ergo
538 2516 668 2591 duabus
685 2523 804 2616 primis
821 2521 969 2610 aciebus,
986 2520 1203 2593 retrocedere
1261 2572 1266 2582 ·

193 2626 280 2699 fecit
293 2623 378 2696 alios
394 2628 481 2697 acies
499 2628 606 2699 nostra
624 2629 726 2727 usque
739 2629 783 2701 ad
799 2628 978 2704 secundam
991 2633 1110 2719 aciem,
1135 2656 1203 2730 qua

194 2736 374 2833 conjunda
390 2760 468 2807 cum
489 2738 608 2831 prima,
632 2761 669 2811 et
687 2737 943 2837 superveniente
958 2741 1075 2827 tercia,
1093 2760 1205 2813 verte·

195 2854 277 2922 runt
291 2845 324 2918 se
341 2846 455 2937 nostri,
472 2846 577 2919 etalii
592 2845 798 2922 insecuntur.
841 2853 986 2923 Interim
1001 2849 1207 2924 transierunt

196 2958 314 3052 nostri,
331 2958 389 3050 qui
403 2959 438 3025 in
455 2955 570 3028 ultima
584 2957 733 3032 custodia
743 2979 851 3048 erant,
868 2980 902 3030 et
915 2959 1089 3032 obviantes
1105 2957 1207 3058 quar-

153 3140 157 3145 .
196 3088 239 3141 ta
250 3070 338 3140 aciei
353 3064 453 3163 ipsrus
466 3068 625 3156 Comitis,
643 3067 747 3165 ipsam
765 3073 801 3142 in
817 3070 971 3144 velocem
986 3067 1098 3159 fugam
1114 3067 1208 3165 quasi
1236 3127 1238 3130 .

187 3199 264 3281 ‘pro
273 3179 406 3251 nichilo
419 3170 666 3269 converterunt,
683 3202 719 3252 et
734 3181 822 3254 sada
839 3183 885 3253 est
901 3179 1040 3253 obscura
1058 3206 1138 3269 nox,
1157 3183 1209 3251 ita

165 3318 168 3324 ’
199 3290 298 3390 quod-
313 3290 424 3363 nullus
445 3291 704 3383 cognosceretur
722 3294 764 3365 ab
777 3295 899 3384 altero,
925 3290 986 3363 nifi
1002 3290 1117 3382 lingua
1138 3314 1209 3362 ma·
1306 3327 1308 3332 ·

188 3426 298 3477 terna
314 3402 519 3499 loqueretur.
572 3402 786 3502 Disperfique
809 3405 882 3479 sunt
905 3403 1019 3492 nostri,
1044 3421 1080 3471 et
1100 3403 1210 3473 eciam
1249 3438 1251 3441 ·

197 3514 337 3598 franci,
354 3510 537 3585 nescientes
551 3514 647 3605 bene,
665 3543 733 3615 qua
745 3536 839 3613 parte
849 3514 1068 3600 diverterent,
1086 3504 1211 3607 quous-

188 3650 271 3725 ·que
288 3622 385 3695 'iuna
401 3624 541 3715 luceret,
565 3627 615 3699 vel
627 3627 743 3720 lingua
757 3626 1047 3699 manifestarentur
1060 3622 1211 3719 propria,

247 3889 262 3934 1
286 3875 327 3933 L.
339 3865 495 3948 quandam
506 3887 566 3927 cum
576 3872 614 3927 0.
627 3870 658 3928 Τ.
672 3863 711 3936 &
722 3866 801 3930 Trin.
843 3886 863 3927 2
885 3863 913 3927 Α
919 3879 973 3943 pto
983 3876 1015 3925 et
1024 3864 1056 3925 in
1065 3865 1099 3922 Τ.
1111 3858 1150 3931 ὠ
1161 3865 1211 3926 Tr.

174 3964 225 4052 -'3
245 3965 336 4029 Luna
347 3960 478 4021 luceret.
515 3955 576 4022 Sed
586 3977 640 4021 eos
650 3957 777 4021 lucente
792 3954 919 4021 ta'ndem
929 3955 1016 4036 luna,
1031 3950 1213 4017 declinave·
1228 3962 1241 3974 ”

206 4069 280 4120 runt
294 4050 407 4116 Franci
417 4047 456 4111 ad
466 4050 557 4114 urbes
572 4049 738 4131 finitimas,
753 4052 788 4117 δε
798 4047 924 4132 quidam
935 4067 975 4111 ex
987 4044 1099 4110 nostris
1114 4045 1215 4107 inter-

205 4144 286 4211 feei
301 4156 390 4205 erant
405 4160 478 4204 cum
487 4139 571 4221 ipfis:
594 4140 658 4229 Qi
669 4157 742 4217 cum
753 4147 796 4210 ex,
803 4138 867 4223 ipsa
876 4140 947 4203 luce
958 4137 1010 4218 vel
1024 4136 1132 4217 lingua
1146 4152 1214 4196 ma·

207 4232 431 4298 nifestarentur
440 4232 670 4317 propria,capti
679 4228 957 4384 sunt&vi1‹}ienter
967 4224 1105 4294 abducti.
1127 4220 1216 4289 Inter

143 4377 146 4384 .
234 4322 356 4393 ‘Vol.I.
1138 4324 1218 4393 quos
