3000 5075
333 422 1095 578 HuerbutnjEuvnuutiunii.
1280 480 1335 562 39

206 613 269 688 bili
283 612 450 686 incendio
461 630 674 684 concremata
686 609 776 681 estet
784 603 969 696 combusta,
980 632 1057 679 cum
1070 626 1142 681 tota
1151 607 1221 684 Ab·-
1252 615 1296 683 A.
1313 612 1364 691 Di

159 746 174 769 ·
204 720 339 811 bathie,
353 740 389 793 et
404 718 561 794 universis
571 717 739 791 Domibus
751 721 906 791 Fratrum
919 719 1099 815 Minorum
1109 742 1144 792 et
1156 727 1223 819 Ες.
1261 716 1352 781 ¹²⁹²?

206 804 332 919 blesus,
347 818 481 928 solique
494 810 740 902 Praedicutores
748 827 862 899 salvati
875 823 963 914 sunt,
973 824 1030 898 sed
1044 853 1120 900 cum
1132 829 1223 905 diffi.

169 1022 173 1029 ¹
207 936 339 1010 cultate
355 941 510 1009 maxima.
547 940 664 1009 Noste
681 938 773 1009 enim
783 939 896 1007 evenit
909 937 1010 1026 ignis,
1026 956 1062 1008 et
1073 940 1223 1016 irruente

209 1067 315 1120 vento
328 1049 490 1134 maximo,
515 1072 583 1118 non
599 1065 671 1117 eret
682 1042 778 1142 quod
789 1041 934 1115 refistere
948 1043 1066 1140 poffet.
1099 1046 1223 1126 Conti-
1256 1135 1258 1140 ,

210 1160 265 1249 git
277 1176 393 1230 autem
408 1155 453 1228 fic
469 1154 561 1229 casus
574 1154 630 1228 ille
644 1154 852 1251 nephandus.
886 1160 969 1228 Erat
986 1182 1070 1230 unus
1083 1184 1127 1234 ex
1139 1166 1223 1237 civi·

209 1268 273 1342 bus
286 1269 413 1342 habens
428 1268 537 1341 filium
551 1266 759 1357 sceleratum,
773 1289 808 1338 et
819 1270 900 1365 qnia
914 1265 1059 1340 habebat
1072 1294 1149 1345 eum
1162 1300 1224 1351 ex·

207 1377 321 1470 osum,
336 1378 494 1453 vendidit
507 1401 669 1453 extraneo
686 1380 820 1470 domos,
847 1405 929 1477 quas
942 1378 1103 1471 habebat3
1129 1387 1223 1461 indi.

208 1489 401 1589 gnatusque
413 1489 518 1581 filius,
535 1488 721 1563 minabatur
733 1489 868 1587 publice
880 1487 1010 1581 dicens,
1020 1497 1097 1584 quod
1108 1517 1223 1589 emptor

210 1604 266 1675 iiie
282 1624 434 1693 nunquam
442 1602 596 1693 gauderet
606 1601 733 1694 pacifice
747 1601 913 1670 hereditate
917 1598 990 1693 su.
1026 1620 1074 1688 et,
1089 1607 1171 1699 quia
1183 1609 1221 1681 in
1310 1627 1313 1636 “

209 1705 411 1806 crepusculo
425 1708 547 1792 noetis,
564 1707 600 1775 in
617 1704 743 1776 eisdem
756 1703 914 1777 domibus
929 1708 1019 1796 ignis
1035 1709 1128 1807 quafi
1145 1712 1223 1786 sub-¹

209 1820 264 1888 ito
278 1818 421 1889 inicium
439 1812 618 1911 affumpfit‚
639 1835 756 1915 captus
772 1817 818 1888 est
834 1816 893 1891 iile
913 1815 1017 1912 filius,
1042 1825 1167 1898 eradius
1186 1848 1223 1902 et
1283 1881 1285 1885 -

212 1923 398 2023 suspensus.

211 2219 376 2332 Qmodo
394 2249 508 2320 guerra
531 2230 659 2300 Haecin
676 2246 744 2298 orta
760 2226 799 2324 est
813 2230 894 2301 ittet
914 2231 1031 2325 Regem
1047 2240 1167 2336 Aegiis
1188 2259 1223 2313 et
1242 2198 1245 2207 V

256 2339 401 2414 Francia.

210 2597 215 2618 Ι
323 2508 428 2581 Nno
452 2509 597 2579 Domini
618 2502 798 2580 millestmo
817 2508 900 2584 CO.
920 2513 1137 2605 nonagesimo
1152 2538 1220 2593 ter·
1251 2530 1294 2600 Α,
1311 2532 1356 2602 D.
1384 2513 1387 2526 ²

347 2615 403 2684 cio
421 2633 495 2686 orta
516 2613 562 2683 est
583 2612 782 2685 execrabilis
803 2618 984 2688 contencio
1003 2621 1091 2691 inter
1112 2627 1238 2697 Mari..
1262 2625 1353 2699 12¹93.

211 2730 325 2800 narius
340 2728 446 2817 Regis
468 2725 597 2816 Angliae
612 2723 657 2797 de
679 2724 850 2818 Portibus,
875 2748 910 2800 et
929 2732 1134 2806 Matinarios
1151 2739 1224 2809 Re·

210 2842 261 2930 gis
285 2840 435 2911 Franeiae
458 2861 500 2908 ex
522 2839 754 2925 normannia,
776 2840 812 2909 in
833 2838 923 2910 hunc
944 2840 1100 2924 modum,
1144 2850 1224 2922 Na.

211 2954 261 3024 vis
286 2949 441 3045 quaedam
470 2949 514 3022 de
536 2948 704 3022 Portubus
732 2952 770 3021 in
797 2951 1013 3024 Notmannia
1038 2953 1223 3055 applicans,

213 3056 335 3132 muniit
352 3056 480 3130 ibidem
496 3055 617 3132 diebus
638 3058 782 3155 aliquot.
826 3058 988 3159 Cumque
1002 3063 1060 3136 die
1076 3068 1227 3164 quadam

208 3174 455 3271 egrederentur
470 3172 541 3245 duo
559 3191 679 3261 nautae,
700 3193 737 3243 ut
754 3199 796 3246 ex
812 3174 964 3270 quodam
979 3175 1076 3262 fonte
1091 3178 1222 3277 ibidem

211 3289 373 3386 proximo
394 3311 514 3383 aquam
535 3283 604 3390 fibi
620 3284 755 3358 duieem
775 3285 1088 3368 &defiderabilem
1107 3291 1224 3367 hauti-

210 3399 457 3488 rent,eontigit
468 3394 605 3468 eosdem
615 3393 744 3467 ibidem
755 3393 1223 3475 invenireMarinariosNor-
1259 3445 1290 3474 .-

209 3528 367 3598 mannos,
387 3514 407 3579 n
421 3504 543 3604 quibus
558 3508 685 3577 irritati
702 3505 924 3580 movebantur
939 3508 982 3581 ad
998 3509 1109 3601 verba,
1127 3512 1225 3602 etde

210 3619 325 3696 verbis
340 3619 383 3699 ad
397 3621 547 3709 verbera,
561 3639 596 3691 et
609 3615 745 3693 tandem
760 3621 851 3693 feno·
859 3626 990 3714 agitati,
1004 3630 1089 3699 unus
1102 3646 1225 3702 eorum

209 3713 388 3824 occubuit,
402 3732 561 3830 fugitque
573 3730 670 3823 alter,
679 3754 713 3804 et
727 3729 760 3804 fe
773 3758 849 3805 cum
864 3732 963 3807 sociis
977 3733 1042 3808 suis
1054 3740 1091 3809 in
1106 3759 1224 3833 navem

208 3850 356 3949 recepit,
376 3849 536 3949 nuncians
552 3847 601 3916 eis
621 3843 730 3916 casum
747 3865 783 3915 et
797 3842 979 3917 adventum
998 3850 1224 3923 Normannu·

209 3986 286 4035 rum
304 3954 557 4058 insequencium
572 3960 775 4053 proximum.
815 3958 975 4052 Cumque
988 3957 1024 4030 in
1038 3956 1145 4032 altum
1160 3960 1227 4037 dn.

211 4088 345 4156 terent,
369 4090 407 4140 ut
426 4066 469 4140 fic
486 4065 603 4140 saltem
617 4065 822 4155 laberentur,
846 4064 990 4164 insecuti
1012 4064 1090 4140 funt
1104 4067 1225 4163 hostes,

189 4202 252 4260 ·ut
263 4206 322 4255 eos
332 4174 634 4278 apprehenderent.
662 4176 727 4258 Sed
740 4204 817 4253 cum
826 4177 1226 4277 insequoeutqseumdiffi-

552 4297 557 4322 ‘
1078 4317 1080 4320 ’
1150 4283 1229 4366 ἐιιῚ·Ι
