3000 5075
181 422 208 477 X

448 397 1098 514 PRAEFATIO.

117 670 120 683 Ι
271 585 435 671 fluentes,
452 583 528 680 jure
543 584 677 680 optimo
691 589 711 655 a
723 583 822 657 nobis
836 585 1070 686 praetermiffae.
1098 591 1195 660 inter
1210 613 1294 689 quas

272 697 433 766 minutias
449 691 872 791 neutiquam'censendum
885 697 932 767 est
944 695 1171 789 fragmentum
1183 703 1297 803 quod.

201 812 205 843 ³
271 803 350 876 dam
376 805 553 895 egregium
584 805 620 875 in
643 802 767 876 eodem
794 800 1044 893 Chronicode
1072 803 1169 877 rebus
1195 807 1297 900 gestis

272 896 525 983 Orouiensrbus
548 913 589 981 Α.
602 912 646 981 D.
663 910 926 987 mcctxlv.
954 909 1049 1010 quod
1070 933 1185 987 tamen
1209 942 1299 991 nun·

272 1045 390 1119 quam,
408 1019 444 1090 ni
462 1014 577 1111 fallor,
602 1014 803 1120 adspexerat
818 1019 983 1114 Wodius,
1004 1043 1126 1126 utpote
1142 1022 1186 1097 ad
1198 1025 1298 1125 cujus

271 1129 487 1229 conspestum
501 1154 615 1228 neque
630 1151 794 1224 unquam,
811 1146 850 1199 ut
862 1129 1042 1209 verisimile
1055 1137 1116 1227 est,
1132 1160 1300 1237 perrene-

272 1267 325 1318 rat
342 1243 452 1340 ipsum
464 1239 982 1333 ChroniconAbbingtoniense.
1004 1251 1033 1338 ς.
1048 1252 1093 1326 V.
1126 1253 1297 1347 Heming.

203 1444 211 1461 ⁸
271 1353 380 1428 furdii
396 1372 528 1453 partem
544 1349 711 1424 duntaxat
723 1346 839 1423 edidit
855 1352 907 1424 vit
918 1353 1125 1431 douiffimus
1141 1358 1297 1434 Thomas

273 1463 413 1551 Galeus‚
442 1481 570 1561 partem
585 1458 807 1558 posteriorem
825 1462 969 1535 interim
987 1450 1175 1560 pollieitui,
1193 1492 1296 1566 quam

272 1595 385 1645 tamen
407 1595 477 1668 quo
496 1572 605 1641 minus
623 1568 816 1661 divulgaret
832 1567 896 1640 alia
912 1567 1060 1663 confilia,
1084 1571 1296 1672 tandemque

134 1708 138 1719 ’
273 1711 364 1757 mors
377 1681 448 1780 ipsa
461 1680 676 1755 obstiterunt.
695 1684 791 1771 §.VL
819 1681 919 1775 Qid
933 1680 1057 1756 nuum
1069 1681 1111 1756 fit
1122 1680 1167 1758 de
1178 1709 1295 1760 exem-

272 1797 360 1894 plari
383 1794 486 1866 MS‘0.
514 1788 664 1864 Galeano
691 1816 755 1864 nos
783 1791 883 1888 piane
912 1791 1022 1881 latet5
1057 1793 1154 1890 quod
1179 1815 1294 1893 tamen

269 1904 501 2005 apographum
510 1901 795 1975 duntaxattecens
806 1899 903 1976 fniffe
913 1903 1000 1976 mihi
1011 1903 1160 1980 videtur.
1175 1913 1291 1996 §.VIL

269 2019 434 2091 Sicuti&
452 2038 567 2086 recens
583 2016 630 2086 est
648 2012 782 2102 Codex,
808 2039 910 2111 quem
928 2034 1047 2113 mutuo
1064 2022 1180 2116 accepi
1199 2023 1219 2090 e
1238 2017 1293 2093 bi-

270 2127 442 2201 bliotheca
453 2124 645 2198 Harleiana.
673 2122 852 2196 dodtiffimi
869 2150 990 2222 nempe
998 2125 1214 2221 Stillingfleti
1227 2130 1293 2204 im-

270 2234 378 2337 pensrs
406 2239 426 2308 ὲ
450 2232 581 2306 Codice
603 2230 848 2307 Arundelliano
872 2231 1062 2330 exscriptus
1083 2257 1188 2334 atque
1212 2264 1294 2314 eum

268 2347 392 2420 eodem
407 2344 566 2434 collatus,
584 2339 778 2430 &subinde
796 2345 899 2414 etiam
915 2341 1044 2444 abipso
1065 2345 1292 2440 stillingfleto

268 2467 411 2566 proprio
427 2458 487 2535 suo
499 2463 612 2531 Marte
631 2457 839 2534 emendatus.
868 2485 971 2560 quem
989 2481 1103 2533 tamen
1119 2463 1286 2540 Codicem

264 2580 312 2653 ob
329 2599 502 2653 recentem
521 2596 654 2647 aetatem
671 2565 804 2648 tantum
819 2571 920 2665 abest,
945 2592 982 2647 ut
1003 2573 1105 2645 flocci
1123 2575 1288 2648 affiman-

174 2685 177 2690 ’
262 2692 345 2768 dum
362 2687 427 2762 effe
443 2710 569 2787 putem,
588 2709 626 2760 ut
641 2712 693 2777 ea,
707 2713 782 2784 qua
798 2685 951 2759 nondum
968 2684 1032 2757 fint
1049 2686 1156 2778 edita,
1172 2711 1215 2761 ex
1225 2713 1287 2762 eo·

146 2799 150 2812 ’
263 2802 344 2877 dem
369 2798 470 2899 plane
497 2820 608 2896 operae
634 2799 781 2891 pretium
808 2795 875 2869 effe
901 2793 1092 2869 descthere
1117 2797 1286 2874 duxerim.

265 2918 295 3001 ᾗ.
312 2914 411 2987 VIII.
460 2914 499 2980 In
528 2931 598 3003 quo
621 2930 736 2980 tamen
756 2906 886 2979 Codice
908 2906 1189 2999 Stillingfletiano
1212 2937 1285 2986 non

264 3048 367 3121 pauca
381 3015 536 3116 suspedtae
555 3014 629 3089 sunt
643 3016 739 3107 fidei,
762 3043 838 3115 quae
853 3018 999 3116 proinde
1015 3018 1122 3093 visum
1141 3022 1188 3094 est
1203 3050 1284 3098 exa·

265 3138 397 3232 minate
414 3132 457 3205 ad
475 3129 580 3203 fidem
598 3127 699 3225 ipfius
716 3127 857 3201 Codicis
875 3129 1121 3221 Arundelliani,
1150 3135 1284 3209 mendis
1323 3202 1330 3238 Ι

255 3262 439 3335 „utcunque
458 3236 543 3312 hinc
564 3235 645 3307 inde
673 3238 858 3332 inquinati.
900 3235 998 3310 Adeo
1021 3261 1059 3311 ut
1074 3242 1171 3337 juxta
1196 3242 1287 3319 hunc

264 3350 374 3449 ipsum
390 3347 558 3421 Codicem
573 3344 866 3436 Arundellianum‚
888 3348 1065 3446 quousque
1083 3355 1194 3445 pergit
1212 3354 1283 3426 Co·

264 3466 331 3539 dex
347 3464 418 3553 ille,
445 3482 577 3535 textum
594 3459 740 3531 nostrum
757 3455 1060 3557 repraesentandum
1077 3462 1144 3535 effe
1164 3467 1286 3540 statue·

263 3582 342 3651 rim.
369 3572 412 3646 ad
428 3589 533 3669 quem
547 3566 712 3640 Codicem
728 3576 766 3641 &
781 3594 832 3657 ea,
847 3594 923 3664 qua
941 3572 1130 3669 protulerat
1145 3570 1284 3665 Galeus,

261 3685 306 3760 ad
329 3704 467 3753 examen
489 3674 676 3748 revocanda
698 3674 766 3747 effe
790 3676 930 3765 censui;
956 3681 1048 3752 unde
1071 3686 1278 3760 variantium

260 3795 449 3868 ledtionum
465 3786 571 3859 meilis
587 3783 666 3859 satis
677 3784 789 3883 ampla
808 3791 844 3859 in
855 3788 1051 3888 Appendice
1071 3795 1178 3866 nostra
1194 3794 1280 3867 exfi-

258 3905 327 3977 stit.
358 3904 460 3989 §.1X.
509 3898 666 3990 Quanam
693 3894 736 3968 de
759 3896 867 3970 cauffa
888 3900 1031 3996 Annales
1058 3902 1111 3974 isti
1137 3901 1282 4002 abrupte

258 4016 495 4098 terminantur,
519 4031 590 4082 tam
619 4012 654 4080 in
676 4006 809 4080 Codice
830 4008 1086 4100 Arundelliano,
1114 4039 1218 4109 quam
1240 4023 1280 4089 &

259 4130 296 4200 in
318 4121 393 4197 aliis
407 4117 595 4196 Codicibus
610 4119 867 4215 Hemingfordii
883 4122 1079 4200 veteribus?
1115 4126 1276 4221 Qanam

1028 4265 1055 4304 .·
1166 4243 1270 4316 etiam
