3000 5075
212 508 292 581 190
504 472 1175 569 wirnmflamnnnonn
1287 519 1293 529 κ
1381 295 1388 613 i

191 644 236 715 Α.
255 641 300 707 D.
332 653 403 707 rem
417 641 458 717 ὃς
475 658 583 709 certas
600 632 755 731 personas
768 632 813 707 de
830 649 1017 718 conventu,
1040 627 1141 728 quod
1162 631 1198 703 in
1214 629 1339 703 crastino
1385 618 1387 665 l

197 740 290 807 ¹³0⁰·
331 766 567 842 comparerent
594 748 634 819 in
660 742 780 823 eadem
807 740 959 831 eeclefia,
984 739 1012 815 s.
1033 737 1136 841 super
1161 736 1340 837 hujusmodi

332 875 538 955 contemptu
562 851 765 952 responsuri.
813 859 860 937 Et
880 855 962 952 quia
987 853 1104 931 vocati
1127 875 1201 931 non
1225 873 1341 944 compa·

331 988 476 1041 ruerunt
490 968 529 1039 in
545 966 738 1052 erastinum,
753 961 912 1061 deposuit
930 958 1041 1059 ipsum
1054 961 1229 1058 priorem,
1250 968 1285 1033 &
1298 983 1342 1033 tx·
1380 986 1382 993 '

333 1080 596 1153 communicavit
612 1074 744 1165 fratres,
770 1076 833 1172 qui
850 1078 887 1147 in
904 1069 1130 1151 observantiis
1148 1069 1342 1162 regularibus

243 1194 247 1211 '
331 1182 1342 1287 obedirenteidem:praecepitque·monacbls,utaliumeun

332 1285 548 1367 festinatione
564 1294 738 1387 eligerent.
792 1299 837 1367 Et
851 1296 931 1389 quia
947 1292 1153 1367 distulerant
1168 1292 1239 1371 hoc.
1252 1287 1343 1371 ficere

335 1401 536 1497 haefitantes,
552 1408 694 1479 aream
708 1430 767 1479 eos
784 1407 817 1479 in
837 1407 975 1495 vietum,
990 1431 1061 1483 non
1082 1407 1343 1506 permittentper

332 1538 452 1614 portas
474 1515 567 1591 urbis
592 1521 777 1616 quicquam
798 1513 926 1589 inferre
950 1515 994 1589 ad
1019 1540 1094 1605 eos,
1119 1538 1188 1595 nec
1206 1510 1292 1613 ipsos
1304 1516 1344 1593 in

334 1627 446 1719 gredi,
472 1656 533 1704 net
559 1631 634 1705 aliis
650 1629 788 1728 patebat
805 1625 976 1723 ingressus.
1031 1631 1128 1707 Cum
1151 1631 1192 1707 in
1209 1630 1298 1709 atsto
1310 1623 1344 1705 ir
1360 1675 1364 1689 ·
1381 1650 1387 1717 i

335 1737 436 1837 positi
450 1738 709 1840 essent,&quia
722 1742 911 1817 deficerent
925 1737 1101 1831 vidualia,
1118 1742 1284 1823 timenter
1296 1737 1341 1819 sit·
1385 1720 1387 1803 l

331 1856 364 1925 ri
382 1855 499 1951 pejora
522 1854 705 1955 prioribus,
729 1854 960 1954 processerunt
979 1861 1018 1929 ὅτ
1034 1852 1226 1944 elegerunt
1241 1870 1343 1931 contri

332 1987 464 2037 morem
481 1963 573 2061 quasi
589 1970 697 2065 major
711 1994 786 2067 pars
803 1967 972 2066 quendam
987 1969 1185 2045 Henricutn
1195 1964 1241 2045 de
1255 1969 1343 2045 Luto

333 2070 394 2168 by,
419 2076 479 2170 qui
508 2071 575 2151 fuit
596 2072 775 2149 familiaris
798 2076 972 2179 episcopo,
996 2102 1041 2151 eo
1062 2076 1165 2174 quod
1186 2071 1344 2174 spettbtot

333 2184 529 2282 episcopum
551 2184 643 2282 posse
670 2187 797 2284 placari
819 2216 878 2290 per
902 2215 1004 2263 eum..
1040 2190 1119 2281 Qui
1143 2187 1345 2285 presentatur

334 2292 510 2392 episeopo,
524 2291 650 2391 absque
664 2295 867 2381 difficultate
883 2296 1043 2375 admistus
1058 2299 1122 2389 ost,
1139 2296 1204 2379 sed
1218 2322 1293 2383 tuto
1304 2299 1345 2367 in*

334 2402 458 2475 stallati
475 2401 654 2493 debuisset,
680 2407 814 2482 invenit
833 2406 1021 2489 Ricardum
1039 2410 1197 2507 priorem
1214 2410 1251 2479 in
1268 2402 1346 2481 stallo

332 2512 393 2590 suo
407 2515 647 2594 reclamantem
662 2540 701 2592 ut
718 2523 810 2618 prius
824 2528 862 2594 &
874 2516 1113 2619 appellantem.
1158 2517 1272 2600 Atilii
1286 2518 1345 2617 epi·

205 2649 211 2665 '
336 2629 487 2728 scopaies
503 2651 539 2704 et
555 2630 694 2727 quidam
711 2630 783 2708 falfi
801 2632 922 2706 fratres
938 2629 1103 2728 appositis
1121 2629 1283 2704 manibus
1299 2656 1343 2708 ex.-

336 2766 517 2820 traxerunt
526 2742 696 2816 Christum
709 2747 851 2818 Domini
862 2742 907 2816 de
922 2740 1000 2816 loeo
1016 2738 1090 2829 suo,
1103 2741 1286 2814 tradentes
1300 2766 1345 2814 ru

335 2853 463 2940 stodiae,
487 2849 678 2926 &demum
697 2852 910 2927 recludente-s
929 2877 1007 2924 eum
1031 2852 1067 2921 in
1088 2850 1275 2930 horrendo
1288 2874 1346 2924 car·

336 2965 423 3034 ceris
440 2962 616 3053 ergastulo,
641 2967 755 3061 primo
770 2962 914 3059 quidem·
931 2959 1022 3042 infra
1040 2956 1134 3059 septe
1151 2962 1345 3047 monasterii,

335 3088 373 3156 δι
386 3078 533 3154 secundo
549 3083 585 3154 in
601 3080 716 3158 castro,
749 3075 946 3175 Manfitque
959 3074 1005 3150 fic
1018 3075 1156 3156 clausus
1172 3080 1211 3156 in
1227 3100 1345 3156 carcere

332 3191 438 3283 longo
452 3214 621 3291 tempore,
641 3211 677 3264 et
690 3188 829 3287 quidam
846 3217 889 3262 ex
904 3191 1080 3266 monacbis
1095 3189 1166 3268 suis
1186 3189 1344 3289 prosecuti

332 3300 408 3373 sunt
424 3293 689 3399 appellationem
702 3303 741 3376 in
759 3302 852 3376 curia
864 3300 1028 3390 Eburum,
1052 3324 1118 3376 nec
1132 3304 1273 3378 curavit
1286 3300 1344 3397 epi·

331 3414 474 3511 scopus,¹
485 3439 528 3486 eo
542 3416 638 3513 quod
654 3412 823 3490 animosus
840 3437 927 3507 erat,
949 3441 1018 3492 non
1032 3416 1162 3488 timens
1181 3416 1344 3488 hominen

331 3548 442 3620 neque
459 3548 585 3615 regem.
622 3523 780 3600 Tandem
794 3549 876 3598 tero
888 3523 1028 3624 quidam
1043 3549 1087 3596 ex
1101 3520 1282 3613 fratribus,
1293 3531 1342 3619 pro

194 3684 199 3696 -
331 3631 426 3706 bono
443 3635 545 3729 pacis,
568 3632 777 3707 induxerunt
792 3631 904 3733 ipsum
920 3632 1111 3710 Ricardum
1126 3636 1294 3731 priorem,
1313 3647 1342 3702 ut

332 3748 449 3838 gratiae
472 3742 623 3842 episcopi
648 3742 682 3816 se
704 3741 924 3842 supponeret,
949 3752 988 3817 &
1009 3742 1134 3815 statum
1162 3741 1341 3833 resignaret,

333 3858 588 3952 promittentes,
616 3853 812 3952 episcopum
839 3855 876 3923 in
899 3848 1092 3950 provisione
1118 3849 1184 3923 fibi
1202 3846 1341 3924 facienda·

332 3961 406 4043 fore
423 3959 618 4055 gratiosum,
638 3987 701 4033 nec
716 3961 799 4034 aliis
816 3959 924 4058 ipsum
944 3959 1067 4059 placati
1085 3959 1184 4058 posse
1200 3965 1283 4062 quin
1298 3981 1340 4056 ty·

334 4074 510 4148 rannidem
534 4095 708 4149 exerceret
728 4074 845 4148 durius
863 4077 899 4147 in
915 4073 1082 4158 futurum.
1127 4076 1206 4171 Qi
1220 4073 1340 4148 tandem

334 4185 492 4268 indubius
508 4215 568 4288 per
584 4194 652 4264 vim
662 4199 852 4278 &metum
864 4190 925 4287 qui
939 4182 1071 4288 poisent
1083 4188 1212 4266 'cadere
1225 4194 1260 4264 in
1273 4213 1339 4261 con·

1270 4302 1337 4375 stan·
