3000 5075
178 449 265 513 0111

492 424 1127 531 PRAEFATIO.

301 606 524 711 vendicare,
551 607 988 717 &tauquamproprim
998 604 1133 692 edere.
1175 610 1248 689 Me
1261 632 1313 691 au·

300 751 397 836 tem,
417 762 472 814 mr
461 732 632 836 leclor,
649 729 779 814 fateor
792 760 921 842 neque
935 731 1107 841 probare
1122 729 1314 817 hosceho

300 857 424 939 mines
424 885 576 967 neque
588 858 703 938 rebus
716 856 833 967 gestis
846 856 1064 941 eorundem
1075 856 1225 947 favere
1250 864 1317 941 lta·

300 1007 376 1089 que
400 980 585 1088 srquaeris
606 981 655 1061 dt
672 980 926 1065 Wicclevistis
946 981 1100 1093 aliquot
1123 952 1359 1087 hodiernis

298 1104 394 1215 quid
411 1130 489 1215 ego
500 1102 702 1211 seutiam,
692 1133 732 1186 ru
748 1106 895 1190 artibus
912 1105 1017 1191 hisce
1032 1107 1148 1191 malis
1162 1106 1358 1221 diligen
1356 1128 1358 1155 ‘

298 1250 364 1313 ter
381 1232 558 1335 versatis,
579 1260 663 1314 non
685 1252 840 1314 tantum
859 1231 956 1315 furti
969 1230 1235 1338 damnandos,
1261 1232 1319 1318 sed
1357 1228 1358 1237 Ν

300 1370 344 1443 ὅτ
364 1386 439 1467 pro
456 1361 677 1443 auctoribus
692 1359 901 1470 dupondiis
915 1388 961 1443 ac
975 1359 1143 1463 dyscolis
1167 1370 1318 1466 (vereor

298 1510 351 1565 ne
374 1487 528 1596 gravius
549 1485 632 1568 haec
654 1486 785 1575 ferant
801 1484 996 1592 Iollardi)
1022 1482 1233 1567 habendos
1252 1483 1318 1567 effe
1356 1484 1358 1489 ’

299 1611 483 1697 arbitror.
527 1610 638 1721 Qid
662 1609 732 1692 fibi
756 1609 851 1693 velit
870 1610 955 1693 haec
970 1611 1103 1692 oratio
1127 1618 1246 1718 (uam
1262 1630 1320 1695 tua

296 1762 409 1847 aerlue
428 1766 474 1822 ac
494 1740 625 1820 nostra
648 1736 772 1820 refert
794 1735 906 1845 scire)
930 1735 1082 1821 facilius
1102 1738 1319 1849 assequeris,

299 1863 381 1946 fiid
402 1867 477 1948 tibi
496 1866 657 1949 forfitan
672 1868 713 1949 in
728 1887 904 1951 mentem
920 1866 1068 1970 veniat,
1092 1894 1170 1948 uos
1185 1867 1320 1951 alicubi

296 1988 350 2072 de
375 1992 538 2076 homine
561 1992 734 2102 quodam
754 1992 990 2101 conquestos
1008 1989 1121 2075 fuiffe
1135 1996 1161 2072 a
1174 2019 1259 2103 quo
1276 1994 1320 2099 (ὁ
1351 2076 1353 2081 ,

296 2120 497 2204 audaciam
529 2120 759 2232 {iugularem
773 2124 814 2226 i)
838 2119 999 2228 expilati
1023 2118 1179 2201 sumus:
1218 2118 1317 2231 quod

296 2268 380 2327 non
397 2246 613 2350 miraberis,
633 2248 674 2351 fi,
696 2267 741 2328 ut
757 2246 981 2354 percrebuit
1006 2242 1115 2327 fama
1134 2243 1227 2348 (cui
1251 2245 1319 2349 vix,

295 2400 343 2453 ac
358 2400 411 2454 ne
429 2375 490 2455 vix
510 2374 670 2482 quidem
685 2372 944 2475 crediderim)
962 2397 1125 2454 omnem
1149 2370 1239 2453 fere
1258 2371 1319 2453 tri·

294 2499 394 2580 verit
411 2500 451 2581 in
470 2499 605 2582 alienis
624 2498 807 2607 operibus
821 2496 1036 2608 expilandis
1055 2517 1235 2599 aetatem,
1257 2495 1317 2580 de·

297 2654 374 2733 que
389 2628 502 2707 rebus
519 2625 689 2733 antiquis
698 2625 808 2736 loqui
818 2624 932 2708 ausus
947 2625 1082 2732 fuerit,
1102 2627 1154 2707 ab
1167 2625 1253 2732 ipsa
1261 2651 1320 2706 ua·

299 2771 384 2829 tura
398 2750 500 2830 adeo
513 2778 595 2830 non
608 2748 771 2858 adjutus,
786 2770 831 2831 ut
849 2750 984 2834 barum
1002 2777 1132 2831 rerum
1149 2748 1321 2833 funditus

297 2877 437 2957 natura
455 2875 706 2981 perhibeatur
716 2874 793 2955 effe
807 2901 958 2981 expers.
995 2876 1121 2985 Qod
1141 2873 1168 2955 li
1190 2899 1320 2958 verum

198 3018 203 3022 ·
296 2995 357 3097 sit,
387 2996 492 3075 inter
518 2992 727 3103 scriptores
745 2995 834 3078 illos
855 2997 944 3107 jure
965 3001 1125 3102 optimo
1143 3020 1320 3078 numera·

295 3123 410 3225 veris,
426 3120 495 3231 qui
508 3122 783 3229 antiquitatem
797 3121 982 3202 obtinent
999 3117 1155 3223 lacinia,
1177 3118 1258 3199 live
1272 3119 1321 3198 le·

296 3251 411 3357 viter,
424 3276 550 3360 neque
563 3269 644 3330 tam
657 3270 836 3331 acmrate
850 3249 899 3330 de
910 3275 958 3329 ea
969 3246 1192 3355 disputant,
1203 3269 1320 3356 quam

296 3375 415 3453 etiam
433 3376 572 3484 vulgus
584 3376 625 3453 in
637 3400 746 3482 agro.
789 3373 866 3455 Sed
880 3401 1042 3455 manum
1057 3374 1109 3454 de
1127 3373 1279 3454 tabula.

348 3508 582 3595 §.XXXIX
605 3501 952 3612 Qemadmodum
970 3514 1011 3586 &
1029 3501 1215 3612 quorsum
1232 3502 1323 3584 Iol-

296 3623 493 3707 lardomm
509 3621 665 3706 fraudes
682 3626 860 3732 spectent
877 3649 1013 3731 aperte
1029 3626 1198 3731 videbis,
1218 3628 1323 3711 fico

292 3749 409 3858 gites,
438 3772 578 3828 omnes
596 3741 679 3829 fere
695 3747 949 3831 enthufiallas
964 3753 1052 3831 effe.
1112 3751 1242 3833 Unde
1265 3753 1321 3836 nil

294 3875 451 3974 mirum,
479 3873 683 3953 Oliverum
702 3874 840 3955 itidem
858 3877 1170 3985 Cromwellium,
1200 3880 1323 3988 hypo-

294 4004 477 4083 critarum
509 4028 557 4082 ac
591 4000 847 4108 perduellium
880 4005 1147 4089 recentiorum
1182 4008 1322 4091 anteli-

295 4151 483 4234 gnanum,
515 4125 786 4211 entbufiastam
806 4125 913 4214 fuiffe
933 4142 974 4215 δι
995 4130 1136 4240 ipsum.
1194 4134 1320 4246 Qod

1166 4287 1319 4373 cogno·
