3000 5075
197 486 274 540 112

475 450 739 540 Wntuuuu
777 459 1163 541 Humuououo
1244 472 1246 483 ·

456 814 606 908 Diffencir
619 836 686 888 orta
699 820 779 890 inter
792 823 907 912 Regem
917 837 949 892 et
958 819 1095 891 conius
1101 816 1190 913 suos.

316 956 416 1165 IN
430 969 527 1041 Festo
537 971 648 1042 Sanffi
658 970 800 1041 Mathiae
811 970 960 1068 Apostoli
971 968 1130 1069 ejusdem
1141 970 1315 1056 Auni,con·

399 1077 526 1145 vocatis
543 1074 776 1171 Optimatibus
798 1078 909 1166 Regni
932 1074 1058 1172 absque
1078 1075 1203 1166 Clero,
1227 1076 1317 1147 tenuit

313 1192 390 1261 Rex
407 1187 670 1256 Parliamentum
691 1183 784 1258 suum
802 1186 891 1283 apud
913 1186 1100 1280 Saresbire,
1127 1187 1189 1260 ubi
1208 1188 1318 1278 rogavit

316 1295 479 1397 quosdam
504 1302 759 1387 Magnatorum‚
784 1320 822 1368 ut
847 1302 883 1368 in
910 1298 1118 1373 Vaseoniam
1138 1295 1319 1371 transfreta·

317 1428 404 1494 rent,
421 1425 456 1476 et
472 1428 647 1500 coeperunt
661 1403 780 1497 singuli
799 1403 830 1478 se
846 1405 1015 1479 excusare.
1060 1406 1319 1506 Indignatusque

316 1525 407 1608 Rex,
421 1514 688 1590 comminabatur
699 1514 897 1613 quibusdam
909 1516 1109 1607 eorum,vel
1126 1517 1225 1614 quod
1235 1520 1319 1607 irent,

317 1631 370 1704 vel
387 1625 480 1726 quod
498 1647 603 1699 terras
620 1652 739 1698 eorum
756 1626 851 1698 daret
869 1628 944 1701 aliis
962 1632 1024 1726 qui
1043 1631 1097 1700 ire
1111 1627 1255 1702 vellent.
1288 1632 1319 1700 Et

316 1747 352 1816 in
371 1741 437 1813 hoc
452 1739 557 1812 verbo
573 1738 789 1813 scandalizati
807 1738 883 1812 sunt
899 1742 1014 1830 multi,
1032 1760 1070 1812 et
1087 1738 1215 1814 scisma
1233 1744 1318 1840 coepit

315 1855 399 1923 oriri
417 1854 593 1923 intereos.
639 1850 763 1922 Comes
779 1852 909 1924 'eciam
926 1849 1202 1925 Herefordeufis
1218 1872 1252 1924 et
1267 1852 1320 1947 Co

315 1989 387 2038 mes
403 1958 621 2034 Marescallus
632 1955 872 2033 excusaverunt
888 1953 932 2045 se,
957 1953 1129 2051 dicentes,
1151 1956 1318 2060 quodoffi·
1347 1970 1350 1989 “

317 2069 371 2155 eia
388 2060 456 2155 sua,
472 2087 546 2160 quae
559 2061 618 2135 fibi
629 2065 706 2160 jure
724 2062 932 2135 hereditario
943 2069 1212 2165 competebant,
1227 2069 1318 2144 'fatt-

316 2194 404 2261 rent,
421 2169 566 2244 libenter
583 2169 695 2242 eundo
710 2196 788 2242 cum
800 2167 874 2267 ipso
888 2175 994 2262 Rege.
1039 2180 1245 2278 Iterataque
1260 2162 1317 2279 pre

315 2311 355 2357 ce
372 2302 505 2373 rogatus
521 2282 567 2351 est
583 2279 706 2351 Comes
722 2277 954 2368 Marescallus,
976 2301 1014 2352 ut
1032 2287 1113 2359 iret.
1154 2292 1202 2360 Et
1215 2293 1271 2381 air,
1290 2294 1318 2360 t

314 2398 417 2467 hemer
429 2413 526 2464 tecum
538 2391 659 2479 vadam,
673 2387 782 2479 iRex,
797 2393 986 2483 precedendo
991 2391 1115 2483 faciem
1124 2415 1218 2470 trram
1231 2402 1260 2470 in
1270 2401 1319 2470 arie

311 2511 425 2600 prima,
432 2505 509 2603 ficut
520 2506 592 2576 mihi
604 2507 748 2594 comperit
759 2505 935 2575 hereditario
942 2505 1025 2588 jure.
1071 2509 1119 2576 Et
1133 2509 1228 2597 Rex,
1243 2512 1319 2580 criu

308 2620 372 2715 fine
389 2645 435 2691 me
449 2618 504 2688 ibis
517 2639 584 2687 cum
597 2618 693 2685 aliin·
715 2619 760 2683 At
774 2612 844 2703 ille,
868 2639 926 2684 non
940 2632 1053 2703 teneor,
1077 2642 1136 2689 nec
1152 2620 1194 2714 esi
1209 2647 1272 2694 mea
1282 2644 1317 2692 rr

315 2734 453 2815 luntatis,
469 2723 485 2798 ὂ
502 2730 583 2812 Rex,
594 2725 657 2820 fine
672 2744 702 2797 te
714 2728 774 2795 iter
789 2729 933 2817 arripere.
976 2729 1021 2795 Et
1037 2729 1147 2799 iratus
1162 2734 1242 2802 Rex
1256 2753 1317 2826 pro

316 2840 408 2934 rupit
426 2839 461 2906 in
481 2833 549 2903 haec
566 2834 678 2921 verba,
695 2853 731 2903 ut
746 2830 886 2921 dicitur,
906 2838 967 2906 Per
981 2836 1102 2925 Deum,
1119 2840 1263 2925 3(ἵοηιιε,
1277 2855 1319 2908 art

315 2948 368 3015 ibis
382 2965 437 3017 aut
448 2945 599 3035 pendebis.
645 2947 689 3012 Et
705 2940 777 3029 ille,
803 2943 861 3014 Per
876 2943 956 3036 idem
965 2946 1197 3035 juramentum,
1226 2946 1317 3034 ekes,

316 3080 370 3127 nec
387 3059 432 3127 ibo
446 3080 500 3126 nec
510 3056 653 3146 pendebo.
692 3073 740 3139 et,
763 3053 908 3124 licencia
925 3078 994 3123 uon
1014 3077 1172 3153 accepta,
1199 3056 1321 3144 recellit,

317 3162 583 3257 diffolutumque
597 3163 643 3231 est
659 3160 833 3232 confilium
848 3187 918 3261 quo
932 3160 974 3231 ad
989 3160 1087 3236 diem
1103 3167 1206 3240 banc.
1243 3170 1319 3239 Con·

305 3271 425 3350 'festim
448 3299 529 3346 vero
545 3272 615 3346 duo
631 3276 787 3345 Comites
803 3275 856 3345 isti
879 3272 1143 3349 Herefordenfis
1161 3302 1199 3352 et
1223 3287 1319 3353 Mare

315 3388 446 3478 scallus,
460 3387 628 3459 affociatis
640 3386 832 3482 subimultis
845 3390 1080 3481 Magnatibus,
1098 3398 1237 3468 ⁴eciam
1250 3390 1320 3494 plus·

315 3523 415 3595 quam
433 3502 575 3589 triginta
587 3500 817 3570 .⁵Banerettis''
833 3500 959 3590 eleffls,
977 3528 1159 3579 creverunt
1178 3513 1216 3581 in
1230 3534 1320 3607 popu·

317 3609 387 3680 ium
402 3605 557 3695 multum,
578 3612 814 3705 numeratique
830 3607 906 3681 sunt
922 3616 956 3683 in
972 3618 1070 3709 equis
1086 3625 1232 3693 armatis
1247 3620 1321 3696 mille
1349 3694 1355 3710 ,

315 3717 491 3811 quingenti
506 3717 570 3785 viri
582 3715 733 3814 expediti
750 3714 791 3785 ad
810 3715 947 3805 beilum,
962 3737 995 3789 et
1009 3725 1122 3819 coepit
1139 3748 1203 3799 eos
1217 3731 1321 3798 timere

315 3829 406 3917 Rex,
424 3824 636 3900 dissimuiavit
649 3849 771 3899 tamen.
813 3830 870 3899 Illi
887 3853 999 3901 autem
1014 3833 1166 3928 profeffl
1183 3843 1220 3910 in
1233 3861 1320 3914 tetras

312 3982 1315 4014 ---2--------------......

357 4080 370 4123 1
390 4061 550 4126 AutemT.
593 4082 612 4124 a
627 4062 781 4126 Libenter
790 4062 944 4148 facerent,
956 4064 1062 4130 eundo
1075 4074 1110 4131 T.
1121 4071 1163 4143 (φ
1175 4080 1226 4139 Tm
1269 4070 1320 4156 30

316 4147 447 4233 Comes,
471 4150 604 4238 wli.
646 4151 726 4236 4Et
747 4152 893 4224 ΜΨ.
938 4159 1319 4240 5Vexillariis11ffl'r.

1249 4268 1320 4356 suas,
