3000 5075
233 477 312 550 192
511 453 778 539 Waruartr
815 460 1245 553 Ηιιιιιιιιιιοιιι,

211 610 255 679 Α.
275 611 321 678 D.
349 604 662 708 lenseplscopus
629 633 701 683 crto
716 616 736 683 a
754 613 847 684 curia
861 609 1015 702 liberari,
1041 609 1394 712 familiaritererpn·

218 712 311 781 ¹3⁰⁰·
350 716 416 795 snit
433 722 588 793 Domino
607 746 699 820 papae
716 742 836 795 votum
861 719 970 813 suum,
996 721 1152 822 qualiter
1173 728 1196 797 a
1217 721 1361 797 vitarim

350 830 546 931 primordiis
560 828 833 924 crucesignatus,
848 836 1032 925 negocium
1046 854 1149 906 terrae
1171 832 1292 909 sandix
1303 859 1361 934 ptr·
1388 802 1397 981 ἰ

349 940 591 1016 sonaliter&
583 966 617 1012 tn
636 940 860 1041 expeditione
876 942 1018 1015 militari
1035 968 1246 1042 promovere
1266 941 1397 1042 dispo

350 1051 430 1127 suit.
472 1057 516 1124 Et
533 1050 654 1128 multas
672 1049 818 1124 habebat
833 1070 941 1125 terras
957 1076 999 1125 ex
1016 1051 1233 1152 perquifito,
1257 1075 1292 1126 et
1305 1054 1362 1156 plns

350 1187 453 1259 quam
470 1161 542 1235 duo
560 1162 711 1235 mille&
728 1163 932 1260 quingentas
946 1184 1128 1253 mercatas,
1152 1188 1242 1263 quas
1258 1167 1293 1237 in
1306 1161 1361 1261 ipso

349 1279 498 1369 negocio
510 1273 700 1373 expendere
715 1273 946 1374 proponebat.
981 1278 1027 1346 Et
1041 1276 1178 1348 Comes
1190 1274 1239 1348 de
1255 1277 1362 1349 Comu-

348 1386 420 1477 bia,
442 1388 538 1486 cujus
553 1407 625 1459 erat
644 1385 844 1488 principalis
860 1403 1037 1475 executor,
1065 1382 1272 1459 thesaurum
1291 1385 1362 1481 lega·

348 1520 455 1590 uerat,
470 1497 513 1573 ad
527 1496 770 1571 inveniendum
786 1516 924 1569 centum
938 1496 1066 1569 milites
1082 1521 1145 1597 per
1160 1523 1289 1573 annum
1299 1522 1362 1571 con·

348 1615 485 1703 tinuum
501 1631 621 1683 contra
638 1610 797 1682 inimicos
811 1611 924 1683 'crucis
937 1609 1079 1681 Christi.
1134 1614 1252 1686 Periit
1269 1611 1362 1687 brem

348 1721 517 1819 inducias,
536 1740 576 1794 ut
590 1740 695 1792 terras
709 1716 885 1816 praedidas
897 1718 1097 1793 venditioni
1115 1743 1320 1821 exponeret,
1331 1729 1399 1829 δι

346 1832 526 1911 necessaria
536 1832 733 1932 provideret
743 1857 807 1928 pro
818 1829 851 1904 se
862 1832 1072 1907 &trecentis
1087 1829 1268 1906 militibus
1279 1794 1399 1905 trans·

350 1943 659 2033 fretaturissecum,
660 1948 699 2017 &
708 1939 900 2044 sumptibus
913 1941 980 2034 suis
984 1942 1254 2045 permansuris
1243 1966 1300 2041 per
1310 1960 1361 2013 tres

345 2081 454 2130 annos
471 2056 654 2128 continuos
668 2055 702 2123 in
718 2071 808 2126 terta
824 2048 962 2127 sanna.
993 2052 1133 2128 Placuit
1146 2056 1361 2151 Dominopa·

348 2192 400 2266 pa
419 2161 638 2265 ¹propmisro,
662 2185 706 2233 eo
728 2161 824 2260 quod
849 2162 946 2236 cordi
966 2161 1128 2237 habebat
1140 2185 1248 2239 terrae
1265 2162 1400 2243 [nea

348 2279 543 2369 negocium,
557 2271 902 2365 &licenciaviteum
915 2277 1100 2349 terminum
1116 2276 1272 2351 statuens
1282 2279 1361 2350 nnius
1393 2250 1400 2393 l

348 2391 442 2479 anni,
472 2405 510 2457 ut
532 2387 598 2456 iter
616 2387 783 2482 arriperet
802 2385 898 2482 quod
918 2384 1136 2486 promiserat,
1168 2389 1400 2488 reliquitque

347 2518 602 2603 procuratorem
618 2500 654 2568 in
666 2501 773 2586 curia,
784 2501 843 2595 qui
858 2523 935 2571 cum
948 2501 1061 2597 priore
1075 2499 1360 2586 contenderet,&
1395 2514 1400 2554 t

345 2606 547 2683 evisceratus
560 2607 701 2704 pecunia
714 2603 809 2702 quafi
826 2629 927 2680 manu
940 2629 1045 2678 vacua
1060 2605 1224 2681 reversus
1241 2607 1296 2680 ert
1326 2606 1358 2673 E·

344 2747 398 2800 rat
415 2726 508 2795 enim
525 2719 630 2791 homo
645 2719 884 2810 magnanimis,
901 2743 970 2790 non
988 2742 1131 2817 parcens
1151 2721 1319 2817 pecunie,
1331 2736 1358 2789 nt

344 2832 596 2933 ⁸consequeret
620 2850 747 2902 votum.
790 2831 978 2929 Coepitque
998 2848 1078 2903 vota
1101 2828 1222 2903 facere
1249 2835 1286 2903 in
1303 2829 1357 2928 epi·

346 2949 497 3044 scopatu,
524 2950 563 3016 &
580 2940 735 3014 inaudita
749 2964 913 3037 quaerere,
937 2945 985 3014 ita
999 2938 1096 3039 quod
1116 2938 1357 3018 insurrexemnt

346 3067 384 3136 in
401 3084 478 3131 eum
504 3050 596 3152 quast
615 3077 734 3124 omnes
759 3051 881 3124 incolae
904 3077 967 3149 pro
986 3051 1214 3127 libertatibus
1231 3050 1296 3128 suis
1311 3048 1356 3122 de·
1396 3049 1401 3118 l

345 3165 539 3247 sendendis.
584 3160 891 3261 Deposueruntque
902 3159 1104 3261 frequenter
1120 3160 1169 3236 ad
1182 3151 1355 3236 Dominum

349 3308 462 3375 regem
480 3274 704 3350 multimodas
721 3273 888 3374 querelas,
914 3296 1103 3375 querentes
1117 3273 1202 3349 fieri
1219 3299 1281 3375 per
1295 3297 1353 3346 eum

346 3395 486 3497 justiciae
503 3390 802 3486 complementum.
845 3413 907 3461 nec
924 3392 1055 3462 curavit
1070 3386 1269 3488 episcopus,
1293 3410 1353 3486 pru
1400 3411 1402 3492 ι

345 3527 420 3606 pter
435 3499 530 3602 quod
544 3501 711 3573 Dominus
727 3525 788 3573 rex
802 3501 914 3597 primo
929 3524 1064 3593 rogans,
1078 3500 1236 3575 secundo
1249 3499 1352 3574 exhor·

345 3639 432 3704 tans,
448 3615 568 3685 'tercio
595 3610 832 3683 comminando
853 3613 1066 3711 precipiens,
1093 3610 1155 3685 sub
1173 3639 1278 3712 poena
1296 3632 1352 3709 per·

344 3726 463 3805 denda
479 3724 661 3812 libertatis,
690 3720 833 3819 scrIpfit,
866 3744 906 3794 ut
927 3721 969 3793 ab
990 3724 1130 3820 injuriis
1146 3721 1301 3813 cessaret,
1324 3729 1350 3793 δι

345 3838 508 3939 populum
524 3833 618 3907 suum
635 3834 719 3932 juste
736 3856 870 3927 regeret
886 3834 994 3908 modo
1012 3833 1192 3916 consueto.
1241 3843 1351 3913 Vernn

344 3955 424 4049 quia
447 3949 613 4021 Dominus
639 3942 815 4043 episcopus
840 3944 970 4044 semper
997 3970 1077 4019 cum
1105 3945 1350 4021 diffimulatime

350 4177 353 4182 ·
383 4171 397 4216 1
422 4152 477 4234 Sic,
493 4166 548 4232 pro
562 4152 712 4239 promifio
729 4153 783 4220 vel
798 4151 969 4240 promissro.
1011 4175 1031 4226 a,
1052 4157 1173 4241 Potius,-
1196 4156 1347 4238 conseque·

343 4257 441 4309 retur.
