3000 5075
179 488 275 547 mv

501 467 1141 596 qu‘ruu'nrro

249 629 250 632 l
285 626 447 729 xnalem
478 647 561 732 aliis
591 675 716 730 annos
744 644 910 736 notandi
943 646 1171 750 rationibus,
1199 630 1335 733 utcun-¹

307 800 392 893 ‚que
405 775 530 857 verbis
542 775 771 882 pauciffiruis
785 774 1000 881 conceptis,
1019 774 1139 882 longe
1155 770 1334 879 praestan·

317 898 460 981 tiorem
484 900 573 1002 effe,
589 920 729 1008 utpote
746 925 833 1009 quae
849 898 1022 979 rationes
1037 897 1237 980 memoriae
1254 898 1336 1005 plus
1381 947 1384 953 ·

298 1022 471 1131 'negotii
487 1020 682 1129 facellere,
709 1051 824 1132 quam
839 1022 1015 1131 prodeffe
1028 1023 1167 1109 solent.
1207 1027 1337 1134 Atque

315 1147 373 1227 ita
394 1147 617 1256 judicarunt
646 1171 729 1232 tum
757 1149 994 1232 dodtillimus
1018 1144 1161 1252 Fellus,
1189 1167 1274 1232 tum
1295 1163 1337 1236 δι

265 1366 271 1375 ,
316 1271 396 1374 alii,
426 1275 493 1381 qui
511 1275 635 1359 bonas
651 1275 803 1358 litteras
825 1273 997 1358 Oxoniae
1015 1275 1102 1382 post
1117 1272 1337 1383 Theatrum

205 1446 209 1457 ι
318 1397 625 1508 Sheldonianum
643 1404 878 1490 exstructum
896 1402 1109 1486 coluerunt.
1155 1398 1339 1486 Exteros-

252 1596 255 1599 .
315 1552 393 1634 que
412 1527 532 1611 etiam
558 1529 665 1613 hanc
685 1529 883 1612 rationem
909 1529 1076 1636 probare
1102 1548 1337 1639 argumento

316 1649 408 1735 satis
425 1650 553 1735 valido
569 1654 637 1758 est,
651 1654 758 1763 quod
770 1653 946 1735 eruditos
959 1651 1205 1734 oxonienses
1220 1651 1262 1734 in
1274 1652 1347 1735 eu·¹

318 1775 408 1860 dem
438 1778 648 1890 aliquando
670 1781 817 1864 imitari
845 1809 926 1862 non
948 1779 1176 1861 dubitarint.
1218 1778 1336 1888 idque

261 1991 270 2010 x
313 1900 403 2010 jure
421 1906 576 1987 merito.
622 1904 703 1988 Etsi
720 1907 984 1988 enim·multos
999 1904 1176 1986 homines
1192 1902 1337 1986 doctis-

318 2022 447 2131 simos,
467 2030 532 2138 qui
550 2032 574 2110 ὲ
592 2032 818 2140 regionibus
837 2029 1101 2116 transmarinis
1119 2029 1337 2114 litterarum

317 2148 510 2234 bonarum
537 2153 879 2264 gratianoniam
898 2150 1134 2254 accefferint,
1159 2151 1339 2236 olim-au-

317 2272 480 2356 diverim
515 2275 566 2358 de
600 2279 714 2360 rebus
747 2276 1038 2387 chronologicis
1061 2273 1335 2382 :disputantess

317 2399 514 2480 neminem
529 2420 662 2483 tamen
679 2400 816 2512 Anglis
829 2399 968 2483 nostris
980 2401 1045 2482 vel
1057 2398 1336 2498 clarioremuel

316 2521 435 2604 etiam
455 2521 694 2626 subtiliorem
722 2522 816 2628 vidi,
843 2525 996 2606 licente
1023 2522 1335 2623 etiam-doctiffi·

317 2672 386 2729 mo
404 2649 566 2752 Grabi0,
589 2649 656 2756 qui
673 2648 832 2757 ingenia
849 2647 1066 2728 nostrorum
1085 2645 1338 2752 {immortalis

316 2790 400 2854 tate
420 2772 512 2854 sano
529 2772 662 2882 digna)
691 2772 848 2853 summis
867 2771 1042 2854 laudibus
1060 2764 1220 2854 subind'e
1238 2774 1338 2858 ccle-

317 2896 470 3001 brabat‚
497 2897 834 3007 confirmavitque,
864 2900 904 2980 in
921 2900 1033 2981 rebus
1049 2899 1337 3009 chronologicis

156 3064 160 3071 ·
274 3102 276 3110 ,
315 3024 495 3106 omnibus
509 3022 590 3104 aliis
603 3023 881 3122 anteferendos
894 3023 969 3105 effe
982 3024 1143 3105 nostros.
1190 3029 1358 3135 Neque'

318 3144 374 3224 est
392 3146 687 3250 cucurbitreris,
715 3147 907 3228 Grabium
924 3166 1005 3227 tam
1030 3146 1211 3251 inertem,
1238 3161 1363 3233 tam·-

229 3275 233 3281 ’
321 3273 397 3380 que
418 3269 555 3356 nullius
579 3273 725 3356 consilii
751 3272 872 3375 fuiffe‚
900 3294 944 3353 ut
962 3273 1049 3356 illos
1071 3273 1226 3355 laudare
1243 3302 1342 3359 con·.
1369 3317 1375 3331 1

316 3401 499 3503 intuerit,
526 3399 700 3483 laudibus
717 3401 875 3482 minime
892 3399 1044 3510 dignos.
1083 3403 1248 3505 Contra,
1261 3402 1337 3484 ‘se-

315 3530 376 3609 rio
391 3553 435 3609 ac
454 3526 694 3610 considerate
708 3526 836 3610 fecille
851 3525 915 3607 vel
931 3526 1009 3607 hoc
1022 3527 1182 3633 probat,
1213 3531 1337 3637 quod,-

316 3654 363 3736 ad
377 3654 524 3736 tabulas
538 3654 579 3734 in
592 3650 797 3735 duodecim
811 3646 1117 3764 Patriarcharum'
1131 3653 1337 3760 testamen·
1378 3690 1385 3703 .

314 3801 446 3862 torum
480 3780 680 3866 sudorem
710 3779 1005 3863 Hellenisticum
1037 3779 1335 3891 chronologicas

315 3904 589 4010 conficiendas,
624 3907 750 3990 virum
768 3908 961 3989 emunuae
987 3907 1089 3989 naris
1112 3906 1335 3989 bnosttati·

314 4029 385 4112 bus
402 4030 469 4112 fibi
485 4026 772 4115 adsciscendum
791 4031 866 4112 elle
879 4028 1049 4113 duxerit.
1086 4030 1133 4111 cl.
1152 4032 1333 4113 nimirum

316 4152 586 4262 Dodwellum„
604 4152 762 4265 -ablque
779 4151 917 4265 quibus
933 4155 1072 4247 tabulis
1090 4177 1229 4238 manca
1246 4150 1338 4236 fuir<

725 4319 736 4350 ·.
1276 4278 1336 4365 set
