3000 5075
201 483 265 549 σω
488 466 744 550 Watusttt
784 471 1165 551 Huuntororto·
1212 484 1240 533 *-

173 623 217 691 A.
234 622 280 688 D.
310 614 452 711 segetes,
466 624 527 719 qui
539 623 648 718 postea
660 622 923 697 cedebanturab
936 625 1074 716 incolis,
1086 646 1122 697 et
1133 627 1254 716 ceteri,
1266 628 1320 724 qui

186 724 278 789 ¹²95·
311 750 482 828 poterant,
498 734 634 824 nauigio
648 731 821 825 fugerunt.
850 739 1010 827 Triginta
1028 738 1242 809 autemNiri
1256 732 1325 808 for-0

142 834 146 843 ’
274 848 279 863 “
309 840 424 913 tissimi
433 866 631 941 receperunt
643 840 770 916 seinsta
784 843 933 917 clausum
944 843 1136 932 Abbathiae,
1152 842 1324 919 strenuiffi-

235 982 244 1007 κ
309 975 366 1023 me
384 974 573 1051 pugnantes
596 948 701 1048 usque
723 955 758 1023 in
781 949 968 1048 vesperum,
991 953 1038 1021 ita
1055 949 1155 1048 quod
1178 950 1321 1025 nihileis

168 1046 171 1057 ⁸
215 1104 220 1109 -
308 1086 432 1133 nocere
447 1081 602 1159 poteraut
617 1064 718 1133 nostri
735 1059 939 1133 obsidentes.
981 1062 1145 1158 Cumque
1163 1062 1199 1131 in
1218 1052 1322 1155 uespe-

218 1244 223 1255 ,
309 1174 356 1243 ris
373 1173 472 1244 nostri
488 1171 648 1243 rem'iffius
669 1191 820 1262 agerent,
843 1169 991 1241 etmulti
1016 1188 1270 1242 reverterentur
1285 1160 1323 1237 ad

310 1285 461 1380 propria,
479 1280 541 1382 ipsi
560 1305 698 1379 quoque
715 1278 843 1378 dilapsu¹
854 1278 943 1369 sunt,
962 1305 1040 1351 curn
1057 1278 1192 1373 duabus
1204 1273 1351 1379 scaphisb

308 1391 491 1485 fugientes.
527 1394 612 1486 Qo
627 1419 724 1465 mane
738 1395 892 1485 cognito,
913 1391 1071 1465 insecutae
1088 1391 1168 1465 sunt
1182 1415 1242 1462 eos
1257 1387 1327 1465 duae¹

307 1528 438 1596 magnae
452 1530 562 1594 naves,
580 1531 656 1602 quae
668 1504 741 1576 vela
755 1507 903 1576 levantes
913 1508 948 1577 in
963 1504 1084 1594 altum,
1099 1501 1244 1602 scaphas
1253 1527 1322 1575 curu

245 1610 251 1619 ’
308 1612 458 1686 hostibus
468 1610 725 1686 submerserunt.
757 1617 796 1683 In
811 1611 883 1711 ipso
893 1634 1010 1705 autem,
1020 1617 1170 1685 introitu
1184 1613 1322 1693 holliutn

240 1784 243 1789 ,
309 1710 441 1794 invilla
453 1720 497 1793 de
514 1726 640 1810 Dover‚
662 1718 859 1791 ceciderunt
876 1745 917 1791 ex
932 1721 1049 1792 nostris
1062 1724 1174 1793 ιΧΙΙΙ
1191 1722 1268 1808 viri,
1281 1738 1322 1791 tt

198 1856 201 1861 ’
309 1857 394 1905 unus
415 1831 607 1903 monachus.
648 1833 719 1903 Hic
736 1830 878 1928 quidem
895 1831 1093 1921 inonachus,
1119 1833 1247 1905 ceteris
1260 1826 1320 1923 suis

309 1939 469 2016 fratribus
486 1947 521 2014 in
538 1945 748 2041 ’campanali
759 1942 904 2016 ecclefiae
921 1945 954 2018 se
967 1944 1236 2042 receptantibus,
1252 1966 1336 2025 cofit-

262 2142 265 2147 .
310 2057 466 2126 oracioni
479 2077 609 2128 uacaret
624 2060 658 2127 in
673 2053 812 2127 ecclesia
826 2059 906 2145 Dei,
927 2081 1040 2128 eoram
1054 2051 1130 2148 ipso
1144 2054 1244 2128 altari
1254 2076 1322 2133 tru·¹

310 2165 443 2239 cidatus
457 2169 513 2254 est,
528 2188 562 2243 et
572 2168 774 2264 ‘optulerunt
788 2194 864 2239 eum
879 2174 960 2241 Deo·
970 2164 1174 2239 sacrificium
1190 2166 1322 2239 matuti-

274 2284 277 2291 '
311 2304 404 2350 uum.
444 2282 583 2350 Interim
597 2279 678 2349 dum
694 2277 773 2350 talia
789 2298 969 2370 agerentur
984 2279 1019 2346 iu
1033 2275 1170 2367 Anglia,
1199 2272 1322 2351 discur-

109 2380 112 2385 ’
193 2392 196 2397 ’
296 2383 431 2461 ‘rebant
444 2388 549 2461 literae
563 2394 651 2460 inter
665 2394 796 2479 Regem
809 2391 957 2460 Franciae
971 2408 1003 2457 et
1016 2388 1218 2485 ppaediaum
1229 2388 1324 2461 Tho·

243 2578 247 2587 ,
310 2527 397 2573 mam
413 2500 457 2574 de
470 2501 670 2594 Turbevile,
684 2504 719 2573 in
735 2502 858 2600 quibus
872 2503 1033 2573 excitavit
1043 2504 1203 2589 Francos,
1219 2520 1257 2572 ut
1270 2526 1318 2572 ro·

310 2616 375 2687 bur
388 2619 554 2688 exercitus
570 2618 746 2688 mitterent
760 2618 793 2686 in
809 2617 973 2702 Scociam,
992 2612 1049 2682 sub
1062 2609 1119 2709 spe
1132 2612 1192 2684 tali
1207 2636 1244 2686 et
1255 2640 1317 2686 cet·

311 2748 358 2815 ta,
367 2727 460 2823 quod
471 2730 562 2798 Scoti
577 2749 692 2799 contra
705 2732 838 2818 Regem
853 2725 983 2817 Angliae
996 2724 1242 2816 ³debellarent,
1252 2727 1321 2799 adi·-

224 2878 225 2882 =
307 2838 402 2905 ciens
422 2838 542 2922 eciam,
572 2836 665 2931 qnod
686 2841 854 2908 Dominus·
870 2836 1067 2908 Edmundus
1085 2840 1202 2909 Frater
1212 2842 1315 2929 Regis

311 2967 347 3017 et
365 2946 489 3018 Comes
507 2946 755 3019 Lincolniensrs
770 2974 848 3018 curn
866 2946 1028 3019 immenso
1043 2949 1179 3045 Populo
1198 2971 1234 3020 et
1245 2956 1314 3022 Ma·

310 3053 468 3146 gnatibus
491 3058 607 3127 multis
627 3062 698 3127 cito
725 3060 796 3154 post
821 3055 1114 3153 proficiscerentur
1142 3062 1178 3129 in
1197 3057 1314 3135 Vasco·

310 3168 413 3252 niam,
435 3188 469 3236 et
484 3166 575 3261 quod
591 3190 633 3238 ex
651 3186 733 3237 tunc
751 3186 840 3237 terra
854 3165 1037 3256 Anglicaua
1054 3172 1073 3237 a
1087 3164 1155 3239 suis
1172 3168 1217 3239 de
1231 3166 1313 3241 facili

310 3275 420 3372 posset
433 3276 568 3368 ingredi
583 3298 618 3345 et
633 3280 796 3373 optineri.
831 3277 985 3349 Clericus
1001 3299 1116 3351 autem
1133 3279 1236 3375 ipfius
1250 3286 1314 3354 Do·

263 3373 266 3379 ’
309 3392 394 3459 rnini
407 3388 650 3476 Thomae,dum
667 3390 748 3461 talia
763 3389 921 3462 scriberet
935 3416 970 3464 ct
985 3394 1100 3463 literas
1114 3389 1256 3487 legeret,
1269 3417 1312 3470 re·
1352 3430 1354 3441 ·

226 3565 231 3572 .
308 3497 475 3597 sponsales
492 3502 574 3597 juste
592 3500 651 3572 fibi
667 3504 796 3591 timuit,
819 3508 886 3573 ⁴ne
899 3502 988 3574 forte
1003 3508 1037 3576 in
1052 3505 1112 3576 tali
1129 3505 1312 3606 deprehen·

307 3610 449 3683 deretur
469 3612 632 3702 facinore,
658 3634 821 3709 tanquam
840 3618 948 3705 Regis
968 3638 1003 3685 et
1020 3616 1135 3703 Regni
1160 3614 1312 3707 proditor

307 3728 512 3817 censeretur,
527 3728 739 3816 'condoluiu
756 3751 791 3799 et
802 3724 966 3801 sauousus
980 3726 1134 3815 confili0,
1153 3730 1243 3819 Regi
1256 3752 1316 3799 uo-·

113 3952 118 3964 ’
348 3951 364 3993 t
388 3932 467 4001 XIV
481 3941 513 3999 T.
554 3960 573 3999 2
593 3943 628 3999 In
639 3939 809 4022 campanili
819 3941 947 4001 mutavit
960 3938 995 4000 cl.
1009 3938 1154 4025 Stillingfl.
1169 3938 1201 4001 in
1213 3944 1252 4002 0.
1272 3940 1313 4000 At

304 4027 484 4106 camponali
493 4053 525 4090 m
535 4034 583 4092 Ti.
629 4049 643 4111 3
666 4030 888 4111 Rebellarent,
904 4034 936 4090 T.
944 4030 983 4099 (7
994 4034 1043 4093 Tr.
1053 4033 1170 4094 radius.
1197 4027 1311 4113 Nerd,

306 4115 383 4200 quod
389 4115 442 4177 hac
452 4121 483 4179 in
494 4135 627 4201 reputes,
641 4136 754 4183 veteres
765 4119 848 4201 dpro
860 4141 876 4182 r
888 4118 1004 4203 amaffi.
1045 4142 1067 4203 4
1082 4128 1124 4186 L.
1132 4142 1173 4190 ne
1186 4121 1209 4199 fi
1222 4122 1310 4203 forte,

306 4230 367 4272 cum
381 4206 457 4279 Z&
468 4213 516 4276 Tr.
559 4231 576 4292 5
597 4218 629 4273 F.
642 4209 882 4298 condoluitque.
914 4211 1002 4293 Deest
1010 4211 1042 4274 in
1051 4215 1086 4275 T.

1230 4290 1308 4372 ‘stro
